3010 4866
246 405 374 470 19—21
541 405 609 472 Iter
631 406 822 492 Megarense
846 409 1102 500 [semron-ns}

246 513 375 576 32-41
543 515 717 582 Academia
740 517 897 602 [Eupolis
922 519 1037 606 iimo}

243 620 376 684 42-45
542 621 621 688 Cum
642 623 784 690 Isocrate
808 627 950 692 amicitie
973 627 1229 714 [Praxiphanes].

246 727 334 791 51-
346 747 376 809 p.
402 731 455 808 71,
481 731 500 793 6
542 729 655 796 Dionis
679 731 810 797 divitiae
835 731 979 817 [Onetor‚
1005 735 1163 822 Satyrus}

125 851 153 913 p.
168 835 219 914 7l,
266 836 332 896 7-
343 853 375 916 p.
398 835 450 915 73,
480 837 518 901 18
541 835 702 920 Execrpta
713 855 753 903 ex
763 838 887 906 Alcime
899 839 935 906 ἐν
946 853 1014 916 τοῖς
1026 839 1285 930 πρὸςἈμύνταν.

124 957 152 1019 p.
166 940 218 1020 78,
267 941 372 1006 8-11
544 941 719 1024 Sophronis
742 945 891 1012 studium.

122 1065 150 1127 p.
164 1049 216 1127 74,
244 1047 374 1112 19-24
541 1049 770 1132 Legislationis
792 1054 953 1120 recusatio
977 1054 1180 1141 [Pamphile].

247 1155 379 1219 24-32
545 1155 704 1222 Chabriae
727 1156 881 1225 defensio.

243 1263 375 1325 44-47
543 1261 722 1345 Olympiam
745 1265 910 1332 adventus.

123 1386 151 1448 p.
166 1371 218 1448 74,
244 1369 331 1432 52-
345 1387 375 1450 p.
402 1369 454 1450 75,
482 1372 496 1432 l
549 1370 747 1435 verecundia
770 1371 995 1460 [Heraclides].

122 1490 151 1554 p.
166 1475 218 1556 75,
264 1477 329 1540 1-
340 1495 371 1558 p.
397 1477 449 1556 76,
474 1477 516 1540 45
541 1475 740 1542 tlomicorum
785 1479 983 1564 chorumque
1029 1484 1214 1550 testimonie
1255 1489 1288 1550 et

587 1583 733 1650 Platonis
756 1587 989 1669 epigrammata
1013 1590 1235 1676 [Aristippus]

122 1705 149 1768 p.
165 1689 218 1768 76,
242 1689 332 1754 45-
344 1707 374 1771 p.
399 1692 451 1770 77,
476 1691 517 1756 37
542 1690 734 1758 Inimicitiae
757 1691 983 1780 [Idomenens].

122 1811 150 1876 p.
165 1797 217 1876 77,
243 1795 376 1860 34-36
543 1797 718 1880 Epinomis.

240 1904 428 1983 43-78,8
541 1903 832 1987 Apophthegmata

120 2025 149 2089 p.
163 2011 215 2090 78,
244 2010 373 2074 13-16
540 2011 749 2078 Proverhium
772 2011 1017 2100 [Myronianusl

243 2118 372 2182 20-41
539 2118 788 2184 Testamentum.

243 2225 386 2304 41-79,
413 2227 453 2289 15
537 2225 780 2308 Epigrammata
803 2228 1003 2308 sepulcralia

121 2349 150 2410 p.
164 2333 214 2411 79,
242 2331 373 2397 15-30
537 2333 702 2416 Discipuli.

239 2439 371 2504 38-39

238 2547 370 2611 41-43

238 2653 370 2719 43-48
600 2705 619 2736 „
683 2653 829 2736 definitio
853 2653 1021 2735 generalis.

238 2761 371 2826 48-50
539 2761 736 2826 Dialecticae
760 2759 914 2828 definitio.

238 2869 325 2934 50-
337 2887 368 2950 p.
395 2869 448 2950 80,
474 2869 515 2934 25
539 2867 668 2951 Dialogi
692 2886 819 2951 genera.

119 2993 148 3056 p.
162 2975 213 3057 80,
238 2977 326 3041 25-
337 2995 368 3058 p.
395 2977 447 3056 81,
473 2977 515 3040 25
539 2976 635 3042 Ratio
659 2974 847 3042 disserendi.

118 3101 147 3164 p.
161 3083 213 3164 82,
237 3083 369 3148 etl-48
538 3083 698 3166 Trilogiae
721 3082 992 3165 Aristophancae:

70 3203 135 3253 nem
151 3189 310 3272 Thrasylli
330 3189 522 3273 tetralogiae
538 3191 579 3256 ad
596 3190 789 3257 Favorinum
806 3189 1004 3256 referendae.
1039 3189 1128 3256 Idem
1144 3190 1282 3272 quadrat

72 3291 98 3357 in
118 3297 305 3380 tetralogias
322 3298 403 3362 etin
422 3297 658 3380 Epinomidem:
684 3297 857 3362 cohaerent
872 3297 1022 3363 videlicet
1040 3316 1110 3362 cum
1126 3297 1281 3364 libromm

72 3405 221 3470 memoria.
281 3405 426 3488 Denique
461 3405 698 3488 Pamphilam
731 3403 785 3488 [de
819 3404 1032 3486 legislationis
1065 3405 1281 3490 recusatione]

72 3513 309 3594 semovebimus,
342 3514 461 3596 quippe
496 3532 591 3595 quam
621 3513 757 3578 sciamus
786 3530 844 3594 per
873 3511 1065 3588 Favorinum
1093 3515 1219 3578 venisse
1247 3513 1280 3578 in

72 3611 231 3686 Laertium.

540 2493 669 2576 Dialogi
693 2495 844 2559 inventio.

421 3903 453 3960 h.
471 3903 517 3960 lla
534 3901 707 3975 Porphyrlo
726 3903 757 3960 ct
775 3902 912 3960 Laertlo.

151 4051 177 4112 1.
203 4047 291 4126 Quae
309 4047 554 4130 Olympiodorus
574 4053 607 4114 et
623 4047 706 4112 alter
729 4047 858 4130 quidem
876 4043 1125 4126 Neoplatonicus
1148 4045 1277 4128 ignotus

73 4145 124 4230 [cd.
152 4154 416 4220 Westcrmannus
449 4159 481 4218 et
509 4161 583 4238 post
606 4153 719 4220 Cobeti
747 4154 911 4218 Laertium
946 4157 979 4216 ct
1012 4153 1045 4216 in
1075 4151 1277 4234 ‘Biographis

1082 4257 1117 4312 52
