3010 4866
222 239 263 302 78

222 417 250 482 si
273 415 401 499 quidem
418 413 541 482 Gellius
557 415 667 482 xlvi
691 413 765 481 iude
782 433 817 481 se
832 413 980 480 hausisse
996 409 1132 481 fatetur:
1159 409 1243 500 Qui
1253 411 1297 477 de
1312 411 1437 478 Xeno·
1492 393 1493 458 i

216 522 387 608 phontis
410 523 679 610 Platonisque
701 523 789 588 uita
811 527 848 587 et
868 519 1051 587 moribus
1067 521 1228 607 pleraque
1242 517 1352 585 omnio
1373 538 1438 582 ex·
1492 549 1493 562 ÷

222 629 495 716 quisimtissime’
508 630 725 716 scripsere,
743 653 811 696 non
825 628 957 716 afuisse
970 628 1070 694 abeis
1080 633 1189 693 motus
1196 627 1351 714 quosdam
1361 623 1438 690 taci-

222 743 271 802 tos
281 739 457 803 etoccultos
467 737 652 803 simultatis
663 735 962 822 oemulauonisque
972 741 1111 800 maniae
1115 731 1441 822 putauerunteteius
1492 759 1493 816 3

224 841 278 906 rei
289 849 490 928 argumento
504 845 666 929 quaedam
680 843 878 910 coni'ectano
893 863 937 908 ex
950 863 1066 908 eornm
1078 841 1212 928 scriptis
1217 839 1440 927 protulerunt.

313 951 454 1016 Primum
478 957 550 1017 erat
572 952 657 1033 quod
682 953 768 1035 apud
791 953 956 1017 Laertium
984 955 1148 1033 quartum:
1181 947 1281 1034 ‘quod
1300 966 1400 1032 neque
1420 967 1440 1008 a

225 1059 364 1122 Platone
394 1057 433 1122 in
460 1065 508 1124 tot
535 1079 675 1124 numero
703 1058 801 1124 liori's
828 1057 950 1123 meritio
979 1077 1130 1144 unqumn
1140 1047 1242 1141 facta
1270 1052 1318 1118 sit
1336 1054 1442 1118 Xeno·

222 1165 359 1250 phontis
381 1187 485 1251 neque
507 1164 584 1230 inm
606 1172 721 1231 contra
748 1166 789 1230 ab
810 1187 845 1231 eo
868 1164 908 1230 i'n
929 1163 1004 1230 suis
1024 1163 1122 1230 li'bris
1143 1160 1309 1234 Platonis,
1332 1179 1442 1246 quam·

225 1295 326 1358 quam
350 1279 488 1358 uterque
510 1295 548 1338 ac
571 1271 720 1338 maxime
734 1273 832 1338 Plato
848 1271 1071 1360 cmnplurium
1089 1267 1238 1338 Socratis
1252 1273 1441 1333 sectatorum

228 1378 267 1443 in
288 1379 494 1445 sermonibus
515 1401 597 1466 quos
618 1377 755 1467 scripsit
773 1378 1043 1445 commeminerit.

332 1487 375 1550 Id
393 1485 492 1550 etiom
516 1507 583 1551 esse
604 1509 673 1551 non
694 1485 843 1552 sincerae
869 1507 973 1572 neque
997 1484 1123 1551 amicae
1147 1482 1331 1550 voluntatis
1358 1479 1444 1548 indi·

228 1591 318 1657 ci'um
345 1592 574 1666 crediderunt,
604 1594 695 1678 quad
719 1593 904 1680 Xenophon
932 1593 1047 1659 inclito
1073 1591 1133 1658 itti
1157 1592 1253 1678 operi
1278 1591 1441 1660 Platonos,

226 1700 317 1785 qnod
339 1701 388 1763 ‘de
409 1698 530 1784 optimo
551 1705 641 1765 statu
664 1700 862 1787 reipublicae
883 1699 1181 1766 administrandae
1207 1696 1368 1784 scriptum
1389 1697 1443 1766 est,

228 1805 318 1871 lectis
339 1827 384 1871 ex
409 1828 445 1871 eo
474 1807 602 1871 duobus
616 1807 699 1892 fere
728 1806 836 1881 lionis,
861 1806 926 1894 qui
942 1805 1058 1892 primi
1077 1805 1116 1871 in
1137 1807 1257 1891 uolgus
1278 1802 1442 1872 exurunt,

227 1911 380 1998 opposuit
399 1917 513 1977 contra
536 1913 792 2000 conscripsitque
816 1913 987 1980 diuersum
1009 1912 1123 2000 regiae
1144 1904 1447 1977 administrationis

223 2040 338 2104 genus
360 2019 451 2105 quod
470 2019 618 2094 παιδείας
632 2019 745 2106 Κύρου
768 2019 969 2106 inscriptum
983 2026 1055 2086 est’.
1093 2019 1164 2086 Hoc
1185 2018 1271 2101 apud
1286 2017 1445 2082 Laertium

229 2127 367 2192 alterurn
390 2133 442 2191 est
466 2131 698 2208 argumentum.

322 2234 383 2296 ‘Eo
405 2233 504 2318 facto
530 2230 715 2318 scriptoque
740 2231 816 2298 eius
844 2255 949 2319 usque
975 2237 1164 2320 permotum
1187 2252 1254 2297 esse
1278 2229 1447 2296 Platonem

227 2339 357 2412 ferunt,
383 2345 423 2404 ut
443 2339 585 2425 quodam
613 2337 652 2402 in
675 2338 759 2404 libro
787 2339 952 2404 mentone
975 2337 1059 2425 Cyri
1084 2337 1178 2424 regis
1198 2335 1309 2402 hadita
1332 2341 1446 2400 retrac-

229 2445 330 2510 tandi
342 2445 539 2532 levandique
553 2444 628 2510 eius
641 2444 750 2532 operis
767 2446 887 2531 gratio
902 2445 1018 2511 m'rum
1035 2444 1167 2531 qui'dem
1185 2446 1311 2531 Cyrum
1326 2459 1446 2508 moun

230 2558 262 2616 et
281 2558 456 2618 strenuum
468 2551 587 2638 fnisse
607 2551 739 2618 demerit
759 2555 913 2631 παιδείας
935 2553 972 2618 δὲ
994 2547 1051 2618 aiiii
1074 2549 1186 2639 ὀρθῶς
1199 2547 1312 2638 ἧφθαι
1335 2553 1373 2616 ια’
1391 2568 1446 2614 aa·

232 2659 352 2744 ράπαν
382 2659 434 2744 [ci.
460 2660 566 2742 legum
589 2661 637 2725 III
661 2663 725 2754 694ι
742 2660 789 2745 Ο].
815 2661 938 2726 Laertii
961 2661 1103 2726 tertium.

324 2768 511 2832 ‘Praeterea
540 2772 664 2853 putant
695 2766 735 2832 id
759 2788 886 2853 quaque
913 2767 961 2831 ad
985 2765 1049 2832 ista
1077 2785 1161 2851 quae
1187 2763 1270 2830 diiii
1295 2763 1446 2830 undere,

232 2875 322 2959 quod
334 2875 519 2960 Xenophon
542 2873 580 2939 in
595 2873 694 2940 libris
715 2897 797 2961 quos
811 2873 985 2940 ‘diotorum
1007 2879 1105 2960 alque
1114 2873 1292 2958 sactorum
1308 2864 1449 2938 Socratis

234 2969 494 3046 commentarios
509 2980 699 3068 composuit,
725 2985 827 3068 negat
840 2980 1007 3048 Socratem
1029 2979 1069 3044 de
1090 2977 1174 3044 coeti
1192 2983 1290 3064 atque
1311 2983 1449 3043 naturai

233 3087 344 3152 causis
378 3086 628 3174 rationibusque
663 3110 814 3174 unquam
848 3084 1078 3174 disputavisse,
1114 3107 1153 3150 ac
1182 3107 1225 3150 nc
1258 3082 1450 3171 disciptinas

233 3193 368 3280 quidem
389 3199 510 3259 ceteras
531 3217 616 3280 quae
637 3194 822 3281 μαθήματα
849 3191 973 3261 Graeci
991 3191 1175 3280 appellant,
1204 3213 1289 3278 quae
1315 3192 1364 3256 ad
1383 3191 1450 3255 uu

235 3303 384 3388 nanque
403 3300 586 3366 mondum
606 3325 676 3367 non
691 3307 881 3388 pergerent,
904 3306 968 3366 aut
985 3298 1139 3386 &iocose
1150 3305 1214 3366 aut
1226 3299 1447 3384 comprobasse,

236 3406 422 3492 idcircoque
451 3407 598 3494 turpiter
624 3431 676 3474 eos
703 3408 845 3474 nientiri
869 3407 964 3481 dicit,
994 3404 1059 3493 qui
1081 3403 1331 3471 dissertationes
1358 3400 1452 3470 isias

237 3513 331 3579 modi
355 3515 487 3582 Socrati
510 3515 737 3581 attribuerent.
786 3517 869 3580 ‘Hoc
895 3519 1027 3588 autem,
1057 3510 1235 3598 inquiunt,
1263 3511 1450 3599 ‘Xeiiaption

236 3643 311 3684 cum
334 3621 477 3708 scripsit,
503 3623 676 3688 Platonem
703 3621 854 3688 oidelioet
878 3627 979 3696 notat,
1005 3619 1044 3684 in
1066 3619 1166 3684 cuius
1191 3617 1289 3684 iitri's
1309 3619 1451 3686 Socrates

232 3729 371 3815 physico
393 3737 426 3795 et
445 3729 573 3795 musica
595 3737 628 3795 et
643 3731 841 3816 qemnetri'ea
864 3729 1024 3796 disserit’.
1070 3729 1198 3795 Hoc-
1217 3746 1280 3792 nou
1304 3733 1359 3792 sat
1381 3721 1449 3792 ssli-

239 3837 314 3901 dum
337 3859 424 3904 -a
447 3839 578 3904 Laertio
602 3839 770 3904 omittitur.

330 3945 378 4010 Ab
402 3947 615 4012 accusationis
638 3947 808 4012 momentis
832 3945 874 4010 ad
889 3943 1108 4010 defensionem
1131 3961 1166 4008 se
1182 3939 1307 4007 confert
1322 3939 1448 4006 Gellius.

240 4049 413 4118 Praeteriit
435 4055 535 4135 igitur
559 4051 647 4140 [uam
670 4053 710 4119 de
726 4053 1040 4138 auetose‘eommuni
1063 4048 1268 4133 iuuandum
1284 4044 1350 4136 est]
1375 4041 1449 4132 quod

242 4160 325 4240 apud
350 4159 512 4226 Laertium
537 4167 588 4226 est
610 4162 747 4243 primum
771 4161 810 4226 de
827 4159 953 4242 aequali
981 4159 1135 4224 librorum
1159 4155 1295 4221 mauris
1319 4156 1449 4221 omnium
