3016 4858
1234 206 1296 272 135

72 379 232 464 intellegi,
256 380 342 464 quod
363 382 412 448 uti
435 385 507 448 erat
520 381 569 447 ita
583 378 696 446 haberi
712 381 894 464 concupivit
908 383 1090 451 Romanus’.
1130 385 1174 451 lt
1189 403 1297 452 coram

73 489 210 556 Graecis
233 494 284 556 est
305 489 409 556 oratio
432 489 574 573 dicitque
595 486 690 556 homo
713 489 747 556 in
770 490 934 574 capiendis
957 491 1155 560 audientium
1181 494 1296 562 animis

71 597 372 664 exercitatissimus!

165 707 194 773 6.
231 704 337 788 Negat
373 705 512 788 denique
548 703 742 770 Fauorinum
779 703 935 774 barbaros
972 712 1160 776 vocaturum
1196 709 1296 776 luisse

71 813 212 881 Celtas
234 831 341 894 suos,
375 813 410 879 id
438 813 523 896 quod
551 811 711 879 commisit
739 817 858 880 orator.
910 813 1035 881 Sufficit
1063 815 1296 886 Philostratum

68 923 86 988 1
110 923 131 987 8
155 920 345 1004 produxisse
367 921 422 1004 qui
445 919 560 1000 refert,
588 919 653 986 tria
681 919 762 986 haec
790 921 824 987 in
853 939 888 988 se
917 924 1022 1005 ipsum
1050 925 1201 992 miratum
1224 945 1296 994 esse

68 1029 281 1096 Favorinum:
320 1023 496 1114 Γαλάτης
533 1024 584 1092 ὧν
617 1022 854 1112 ἑλληνίζειν,
889 1023 1042 1111 εῧναῦχας
1072 1029 1119 1098 ὢν
1152 1039 1297 1116 μοιχείας

69 1139 251 1222 κρίνεσθαι,
273 1134 400 1218 βασιλεῖ
412 1111 613 1220 ”ffladriano]
637 1133 859 1221 διαφέρεσθαι
880 1141 935 1200 καὶ
959 1137 1024 1221 ζῆν.

162 1241 288 1310 Sufficit
313 1242 457 1326 Emperii
484 1241 736 1325 argumentatio,
764 1243 920 1326 quidquid
947 1245 1078 1312 molitur
1108 1246 1293 1316 hlarresius.

159 1350 335 1418 verissime
349 1369 380 1432 p.
399 1350 441 1414 25
457 1349 538 1416 dixit
552 1348 722 1431 Exuperius
735 1348 972 1418 Corinthincam
988 1353 1153 1420 umbratili
1169 1360 1295 1423 scatere

68 1457 253 1525 eruditione
285 1462 318 1522 et
344 1456 528 1540 importuna
556 1455 721 1523 doctrinae
751 1460 977 1526 ostentatione.
1024 1461 1129 1528 Multa
1157 1462 1294 1529 mvenni

67 1568 151 1632 satis
178 1565 336 1632 violenter
359 1569 393 1630 et
415 1563 587 1646 imperiose
610 1563 652 1630 ad
674 1582 728 1630 res
750 1564 963 1633 alienissimos
987 1569 1136 1636 haducta
1159 1569 1293 1652 diligen·

67 1680 199 1756 umque
223 1689 294 1738 esse
317 1689 428 1736 eorum
451 1672 549 1738 etiam
572 1671 808 1740 enarrationem
831 1692 914 1757 quae
937 1675 979 1740 ad
998 1676 1198 1758 propositum
1213 1677 1293 1744 nihil

67 1781 223 1846 valerent
259 1779 370 1862 anue
386 1779 492 1846 omnia
506 1797 538 1862 p.
555 1779 597 1844 33
614 1779 736 1848 indicat
750 1779 836 1846 haud
850 1781 1003 1850 indecora
1018 1800 1089 1850 esse
1104 1784 1293 1866 omnigenae

66 1889 225 1957 historiae
240 1887 408 1970 scriptore,
432 1887 521 1953 emus
536 1887 698 1971 ingentem
722 1888 900 1956 doctrinam
916 1888 1039 1957 (lollius
1063 1891 1291 1976 obstupuisset.

156 1995 292 2079 Singula
312 1994 487 2062 adeamus.

160 2107 188 2169 l.
224 2103 382 2168 Accurate
405 2106 515 2168 orator
529 2102 563 2168 in
579 2100 738 2170 artificum
752 2103 907 2169 memoria
922 2107 994 2169 erat
1007 2109 1165 2188 uersatus,
1182 2097 1213 2190 p.
1226 2108 1291 2174 553

67 2211 246 2277 Vulcanum
269 2209 415 2276 nominat
435 2208 666 2292 Euphranoris,
690 2230 721 2294 p.
747 2211 810 2276 523
834 2211 954 2277 Persen
977 2211 1190 2297 Pythagorae,
1214 2215 1292 2282 alibi

67 2319 159 2384 ulios.
175 2354 221 2366 —
237 2315 315 2383 (lum
331 2321 510 2382 ceterorum
525 2317 683 2384 artificum
706 2323 774 2384 tum
797 2317 908 2401 ipsius,
932 2317 1135 2403 Pythagorae
1158 2323 1291 2408 eiusque

66 2425 330 2509 homonymorum
352 2424 522 2506 omnigena
544 2423 681 2493 historia
699 2427 845 2492 meminit
868 2444 907 2492 ox
922 2426 1094 2496 Polemone
1116 2430 1189 2498 aliis
1205 2451 1289 2498 sum·

65 2539 211 2616 ptorum,
246 2537 343 2614 atque
377 2531 457 2598 adeo
491 2533 715 2602 iudicavit-
742 2534 805 2600 etsi
833 2531 895 2600 hoc
925 2535 1053 2618 quidem
1082 2536 1152 2605 loco
1182 2539 1288 2608 alieno

66 2640 184 2708 indicio
207 2675 251 2688 —-
276 2639 315 2706 de
337 2639 540 2723 Pythagorae
563 2647 634 2708 arte
657 2647 754 2726 atque
776 2641 915 2724 ingenio.

156 2749 185 2814 2.
221 2746 421 2816 Herodotum
450 2753 484 2815 et
508 2749 702 2818 Simonidem
726 2750 830 2818 oratio
854 2749 1001 2818 adhibuit
1022 2751 1163 2835 itemque
1187 2753 1287 2820 omui-

65 2873 149 2938 gena
170 2853 317 2922 historia.
413 2857 417 2877 '

155 2963 185 3029 3.
221 2963 317 3031 Dicta
338 2970 556 3033 memorarunt
572 2965 782 3049 Anaxagorae
806 2968 902 3048 atque
918 2963 1100 3032 Anaxarchi
1123 2971 1157 3033 et
1177 2971 1286 3036 orator

65 3077 99 3138 et
121 3067 375 3158 Favorinus¹⁴⁷):
399 3072 489 3139 illum
515 3111 552 3122 -
572 3094 636 3142 non
651 3073 895 3156 Xenophontem
919 3073 1107 3141 Solonemve
1129 3075 1286 3144 LaertH

135 3267 186 3338 ¹¹⁷)
203 3269 245 3325 Do
263 3267 426 3338 Muagora
443 3267 478 3324 er.
496 3268 675 3340 biographum
693 3267 798 3324 Laertii
816 3268 844 3324 11
865 3271 905 3326 13.
941 3268 984 3324 De
1002 3269 1165 3326 Anumcho
1183 3269 1223 3324 lx
1240 3272 1284 3328 59.

64 3359 189 3414 Alterum
206 3358 364 3414 Anumchi
391 3358 492 3414 dictum
519 3359 556 3417 ib.
576 3363 610 3416 60
636 3376 670 3414 ex
687 3357 829 3414 Plutarchi
852 3357 1026 3415 ‘memoro’
1046 3374 1069 3414 o.
1089 3362 1123 3416 28
1141 3357 1229 3414 fluxit.
1249 3394 1283 3403 -

65 3448 241 3504 Plutarchum
263 3447 316 3503 etsi
337 3447 381 3504 bis
403 3447 499 3504 citarit
521 3466 577 3505 non
599 3449 666 3520 legit
684 3457 775 3504 umen
793 3449 928 3506 Laertius.
946 3447 981 3505 cl.
1000 3448 1039 3504 IV
1057 3452 1074 3504 l
1093 3448 1282 3521 [Speusippus]

66 3535 276 3610 Πὶσόναρχσς
293 3539 329 3592 δέ
347 3557 446 3608 φησιν
464 3544 497 3594 ἐν
513 3540 763 3612 τῷΑασάνδρσν
780 3545 841 3614 βίῳ
858 3538 1032 3595 καὶΣὸὶλα
1051 3541 1213 3612 φθειρσὶν
1231 3545 1282 3596 ἐκ·

66 3631 154 3690 ζέσαι
171 3627 277 3684 αὐτὸν.
308 3627 515 3700 DeSpauuippo
532 3630 651 3687 inSullu
662 3629 804 3687 Plutarchi
821 3629 1090 3701 uullumrestigium.
1120 3630 1205 3686 Errat
1223 3630 1282 3686 scil.

66 3717 93 3772 iu
113 3718 223 3774 duodo
246 3718 291 3774 rel
312 3718 406 3790 potius
428 3717 531 3775 labitur
552 3719 580 3776 in
605 3720 774 3791 compilando
793 3721 929 3778 laertius.
958 3721 1000 3777 De
1021 3720 1192 3791 pediculis
1209 3720 1282 3776 enim

66 3805 120 3862 illic
137 3808 291 3865 atmratiua
310 3807 469 3880 exponitur:
487 3814 589 3883 λέγεται
605 3813 635 3867 ol
652 3813 703 3866 mir
720 3811 792 3868 πάνυ
809 3813 931 3868 παλαιῶν
943 3812 1070 3867 'Aeuom
1089 3808 1280 3882 φθειριάσαντα

65 3897 107 3951 rdr
123 3903 218 3955 Πιλισα
234 3901 391 3967 τελευτῆσαι·
408 3901 461 3954 τῶν
479 3899 509 3954 d’
532 3897 646 3973 ὑστέραν
663 3901 800 3976 Ἀλκμᾶνα
821 3902 867 3958 τὸν
889 3902 1034 3976 μελοποιὸν
1056 3902 1102 3955 καὶ
1125 3901 1280 3972 Φερεκύδην

67 3987 109 4042 τὸν
127 3989 260 4063 θεολόγον,
274 3991 321 4044 καὶ
337 3993 503 4059 Καλλισθένη
521 3990 567 4047 τὸν
574 3990 713 4048 'olivam
731 3997 759 4047 ἐν
777 3995 862 4066 εἱρκτῇ
880 3991 1091 4064 φρσνρσνμινσν,
1110 3995 1146 4046 ἔτι
1163 3991 1193 4046 δὲ
1204 3989 1279 4047 Mod-

66 4095 121 4130 κιον
137 4079 181 4134 τὸν
198 4079 314 4152 νομικόν
330 4083 383 4134 nrt
418 4081 462 4137 nb
486 4087 599 4137 auctoru
617 4082 723 4138 Laertii
741 4082 810 4154 [scil.
828 4082 977 4154 Favorino]
996 4082 1160 4138 Plutarchus
1178 4083 1279 4140 citatus

67 4173 115 4222 ert.
133 4199 166 4209 -
183 4169 334 4226 Plutarcho
352 4169 529 4242 insumpserat
547 4171 700 4229 Fauorinus
717 4175 778 4245 περι·
795 4175 987 4248 Ἀκαδημαϊκῆς
1005 4175 1151 4236 διαθέσεως
1169 4173 1277 4245 [Galerii
