3010 4866
1286 211 1306 272 7

167 385 216 450 Eo
240 385 304 448 iam
327 402 378 448 res
395 383 533 448 deducta
557 388 616 462 est,
641 387 687 464 ut,
712 381 789 465 quid
813 383 852 447 de
880 383 961 449 libro
986 385 1126 450 omnium
1150 391 1307 468 quotquot

71 494 112 558 nd
144 493 321 558 historiam
350 491 533 556 litterarum
562 509 750 572 graecarum
781 497 930 572 spectant
959 491 1054 574 longe
1086 493 1306 575 copiosissimo

72 600 255 678 iudicetur,
287 599 383 680 plane
413 599 456 664 sit
485 597 672 662 dubitabile.
721 597 818 662 Cuius
843 599 932 680 origo
962 600 1038 681 quin
1063 600 1106 664 sit
1133 600 1305 682 patefacta,

71 703 184 770 latent
220 709 318 786 atque
353 703 501 768 latebunt
529 705 656 786 pecoris
690 705 777 770 illius
812 706 902 770 aurei
937 707 991 788 qui
1026 711 1160 772 vocatur
1192 707 1306 774 Suidas

72 815 202 892 pastus
229 811 296 876 sive
320 811 454 892 glandes
477 812 544 876 sive
568 811 686 893 fruges,
712 811 828 877 latebit
852 833 922 878 cum
951 813 1213 896 philosophorum
1238 821 1305 880 turn

72 923 262 984 ceterarum
292 919 431 982 vitarum
466 925 625 1002 quotquot
653 926 728 986 sunt
757 938 934 1003 anonymae
970 922 1075 1002 origo,
1110 921 1195 986 bona
1226 923 1307 986 artis

71 1031 212 1091 nostrae
239 1044 316 1108 pars
345 1025 505 1092 oblivione
534 1028 653 1093 iacebit
681 1028 884 1094 oblitterata:
922 1033 1033 1094 notum
1063 1029 1147 1092 enirn
1177 1029 1248 1094 dico
1278 1032 1308 1092 ‘a

71 1132 213 1198 Laertio
236 1133 449 1214 principium'.

170 1239 340 1304 Materiam
370 1241 492 1322 largam
521 1239 650 1322 lateque
678 1238 824 1305 diffusam
854 1247 928 1304 ante
963 1239 1021 1305 hos
1051 1245 1118 1306 tres
1147 1259 1247 1306 annos
1276 1247 1309 1306 et

72 1346 248 1412 dimidium
278 1347 368 1430 coepi
395 1351 613 1430 pertractare,
651 1366 720 1412 cum
750 1346 1013 1429 philosophorum
1044 1348 1123 1412 ordo
1154 1347 1309 1431 Gryphia-

73 1454 252 1520 waldensis
276 1454 356 1519 hanc
379 1455 600 1536 quaestionem
628 1455 864 1536 proposuisset:

169 1559 333 1625 Eclc'r‘r'sse
371 1559 618 1628 florentissimi
650 1558 894 1644 grammaticae
930 1582 1072 1646 graecae
1109 1561 1308 1646 temporibus

72 1669 182 1734 libros
194 1669 267 1752 περὶ
280 1665 460 1750 ὁμωνύμων
470 1666 645 1754 e'rzscrcplos
657 1674 770 1732 notum
782 1674 847 1740 esl,·
863 1667 1030 1732 similium
1042 1667 1308 1753 desperatorum

73 1773 221 1860 vestigia
248 1773 287 1838 irc
309 1773 442 1842 scholiis
465 1773 647 1860 lexc'cc'rque
668 1781 700 1840 et
721 1776 814 1862 apud
834 1776 955 1840 rrrullos
975 1776 1027 1840 vel
1044 1774 1179 1859 c'rcflrreae
1193 1773 1310 1840 aetolis

73 1881 255 1968 scriptores
272 1887 408 1968 palem:
430 1887 519 1967 optol
534 1880 810 1968 philosophorum
828 1884 923 1954 ordo,
950 1889 990 1946 ul
1009 1903 1223 1968 quaecunque
1245 1882 1310 1946 hue

74 1995 225 2076 spectant
237 1987 455 2073 colligantur,
480 1995 695 2062 enarrentur,
717 1990 765 2052 ad
777 1995 927 2053 auctores
941 2011 1029 2062 suos,
1047 1995 1213 2074 quatenus
1223 1988 1313 2076 fierr'

71 2103 187 2182 potest,
215 2097 422 2180 referamur.

169 2202 324 2285 Opuaculi
360 2202 422 2266 mei
456 2201 648 2282 particulam
683 2201 715 2266 in
751 2201 979 2266 dissertatione
1015 2202 1310 2284 Gryphiswaldensi

77 2312 128 2376 ‘de
153 2309 350 2392 Sibyllarum
374 2307 541 2373 indicibus'
568 2327 670 2389 nuper
695 2308 780 2373 edidi
804 2307 961 2392 [Baralini
981 2309 1075 2388 1879,
1101 2309 1186 2390 apud
1203 2309 1310 2374 Weid-

74 2417 239 2500 mauuos]‚
264 2417 324 2482 edo
348 2434 432 2482 nunc
455 2435 518 2480 non
543 2415 612 2480 sine
636 2415 729 2480 anxio
754 2415 869 2480 timore
894 2415 1038 2479 alteram.
1273 2417 1274 2422 ’

120 2525 245 2590 Verum
277 2523 431 2605 quidquid
467 2523 500 2586 in
535 2521 595 2586 hoc
631 2522 808 2586 studiorum
845 2541 962 2604 genere
997 2521 1133 2605 proieci,
1171 2523 1198 2587 si
1233 2524 1310 2606 quid

75 2631 216 2713 proieci,
246 2636 349 2696 totum
375 2630 416 2694 ad
440 2627 688 2694 VDALRICVM
712 2627 768 2694 DE
793 2629 1311 2696 wlnnmowlnz-MOELLEN-

75 2736 221 2802 DORFF
244 2737 350 2802 laetus
374 2735 477 2800 libens
500 2735 615 2800 refero.
655 2734 709 2800 Ius
732 2733 845 2818 fasque
869 2737 946 2802 milri
967 2737 1027 2801 hoe
1044 2743 1094 2802 est
1111 2737 1308 2818 praedicare,

75 2851 114 2910 nt
137 2845 247 2908 animo
272 2844 352 2908 satis
376 2841 500 2908 faciam.
541 2841 589 2906 Ex
604 2861 667 2924 quo
684 2842 768 2906 enim
785 2861 916 2924 operam
933 2843 1120 2924 biographis
1137 2844 1309 2924 impertiri,

75 2971 151 3017 eum
178 2955 211 3014 et
234 2951 361 3030 ducem,
390 2951 423 3015 in
446 2949 526 3014 locis
550 2955 616 3012 tarn
640 2949 778 3014 desertis
802 2951 964 3032 vastisque
988 2950 1086 3014 tironi
1118 2951 1309 3031 praesertim

75 3058 312 3138 necessarium,
349 3063 383 3122 et
411 3056 701 3122 maturescentibus
731 3055 852 3120 viribus
883 3059 1030 3122 comitem
1060 3076 1129 3122 sum
1158 3062 1310 3138 expertus

76 3171 296 3244 constantem,
327 3165 381 3248 qui
410 3169 577 3228 revocaret
609 3163 773 3228 incautum
796 3163 931 3228 -iere
959 3165 1104 3246 paenitet
1129 3169 1310 3228 monentem

76 3273 241 3339 interdum
281 3291 344 3336 uon
383 3271 545 3336 audivisse
583 3308 627 3318 —
666 3276 909 3353 praetergresso
950 3271 1080 3336 scienda
1113 3274 1311 3335 monstraret

78 3379 267 3444 emendaret
290 3383 486 3460 peccantem.
527 3377 564 3441 ln
588 3377 672 3442 votis
696 3383 768 3442 erat
791 3385 918 3460 gratum
942 3379 1148 3460 deditumque
1170 3377 1309 3442 animum

79 3486 243 3552 offerendo
274 3486 454 3552 studiorum
477 3485 638 3566 primitias
662 3490 843 3566 praestare;
871 3485 989 3552 hancce
1013 3485 1166 3551 benevole
1190 3503 1310 3567 quaeso

79 3593 220 3674 accipiat
247 3592 342 3656 δόσιν
366 3587 477 3677 ὀλίγην
501 3617 533 3656 ra
558 3593 655 3680 φίλην
678 3615 721 3658 τε.

173 3751 292 3835 Scripsi
318 3753 532 3835 Oolbergae
557 3754 711 3820 Kalendis
736 3752 906 3818 februariis
933 3754 1026 3816 1880.
