3010 4866
217 211 259 274 76

305 389 483 472 Supersunt
506 389 663 471 adespota
686 394 738 453 sat
760 388 871 452 multa.
915 389 1026 454 Denuo
1051 387 1152 468 igitur
1176 389 1376 468 accingamur
1399 391 1434 449 ut

215 517 298 564 nova
327 495 535 580 acquirantur
564 498 605 561 ad
633 497 842 562 resecandum
872 514 970 560 arma.
1025 495 1071 560 Ac
1098 495 1237 576 primum
1264 493 1367 558 Albini
1393 492 1433 575 [c.

219 608 280 670 160
304 625 334 688 p.
361 604 449 688 Chr]
478 604 663 687 philosophi
688 604 853 686 Smyrnaei
885 604 1059 684 εἰσαγωγὴν
1087 604 1132 676 τίς
1160 601 1234 676 τοὺς
1262 599 1435 672 Πλάτωνος

215 710 387 792 διαλόγους
413 712 520 794 placet
544 713 722 793 adsumere,
747 712 863 777 deinde
887 711 984 776 Gellii
1008 713 1119 775 noctes
1143 709 1276 774 Atticas.

608 923 636 964 c.
662 908 706 964 llo
725 906 835 963 Albino
854 907 887 962 et
905 905 1042 962 Laertio.

306 1033 426 1098 Contra
450 1051 539 1116 spem
556 1033 740 1114 nuperrime
764 1033 976 1114 paupertinae
994 1031 1100 1096 Albini
1123 1031 1276 1114 isagogae
1293 1031 1434 1111 contigit,

215 1147 252 1206 ut
275 1141 430 1222 peculiari
453 1141 535 1204 libro
559 1145 592 1205 et
616 1139 766 1205 ederetur
788 1139 989 1204 emendatior
1006 1144 1039 1204 et
1059 1139 1327 1204 commentatione
1347 1155 1435 1219 egre-

216 1249 268 1330 gia
303 1247 539 1312 inlustraretur.
592 1246 707 1312 Confer
742 1246 984 1312 Frendenthalii
1019 1247 1127 1310 studia
1160 1246 1362 1312 hellenistica
1392 1245 1436 1308 lll

216 1356 292 1420 ‘Der
316 1355 504 1420 Platonilrer
527 1353 662 1418 Albinus
690 1353 756 1419 und
786 1354 842 1418 der
872 1353 993 1418 falsohe
1018 1353 1180 1418 Alkinoos'
1207 1353 1433 1418 Berlinrsaa.

215 1463 350 1528 Possum
386 1462 528 1552 breviter
563 1461 714 1543 supplere
745 1481 827 1544 quae
857 1461 1037 1543 supplenda
1065 1477 1136 1524 esse
1164 1462 1214 1524 vir
1242 1461 1298 1526 ille
1326 1461 1436 1526 doctus

215 1568 417 1652 significavit.
459 1567 593 1633 Albinus
617 1569 701 1634 enim
717 1569 757 1632 de
782 1569 912 1650 scriptis
927 1567 1073 1632 Platonis
1091 1605 1131 1614 —
1149 1569 1248 1632 vitam
1273 1567 1380 1633 omisit
1395 1603 1436 1612 -

214 1677 349 1742 meliora
361 1676 491 1740 Laertio
504 1675 657 1740 nonnulla
669 1681 703 1740 et
714 1676 860 1757 pleniora
872 1675 1014 1740 eiusdem
1031 1683 1138 1740 tamen
1155 1675 1278 1740 larinae
1294 1674 1434 1740 tradidit.

303 1783 444 1848 Paucula
479 1784 511 1848 in
546 1784 729 1848 uuiversum
757 1782 923 1864 praelatus
958 1783 1077 1865 dialogi
1112 1781 1331 1848 definitionem
1365 1799 1435 1864 pro-

215 1891 324 1974 posuit
347 1911 372 1956 c.
397 1891 422 1955 I.

260 2018 285 2064 o.
325 1999 357 2063 Il
380 1997 462 2062 hauc
486 1995 704 2061 definitionem
721 2001 871 2061 accurate
887 2003 1135 2063 commentatur:
1161 1997 1194 2062 id
1217 1997 1297 2062 nihil
1313 1997 1353 2062 ad
1370 2011 1434 2059 nos.

260 2125 286 2172 o.
310 2107 358 2171 lll
381 2105 422 2170 ad
445 2110 594 2168 naturam
618 2103 738 2184 dialogi
755 2103 913 2169 Platonici
937 2105 1142 2188 progreditur
1163 2105 1413 2170 examinandam.

261 2233 285 2279 c.
311 2214 355 2279 IV
380 2231 451 2278 cum
476 2211 541 2275 alia
567 2211 666 2276 habet
693 2217 761 2275 tum
790 2211 874 2276 uude
897 2212 929 2276 in
959 2213 1183 2278 enumerandis
1207 2213 1345 2294 dialogis
1368 2209 1436 2275 Pla-

375 2320 461 2384 tonis
485 2318 693 2383 exordiantur
716 2319 827 2383 critici.

304 2428 531 2506 Quaestionem
555 2445 593 2490 eo
609 2425 770 2506 promouit
786 2426 1029 2493 Frendenthalii
1046 2428 1224 2511 diligentia,
1250 2433 1286 2492 nt
1308 2428 1332 2492 I.
1360 2433 1434 2490 tem·

214 2553 274 2619 pus
306 2535 447 2600 auctoris
471 2533 579 2598 Albini
608 2533 791 2598 conlocaret
818 2535 903 2600 iuter
932 2535 1134 2618 Thrasyllum
1163 2541 1197 2600 et
1222 2535 1373 2600 Albinum
1397 2531 1433 2615 [c.

217 2645 279 2706 152
304 2661 335 2724 p.
361 2640 435 2706 Chr.
464 2639 501 2704 cl.
534 2639 728 2705 Frendenth.
759 2660 789 2722 p.
820 2644 884 2706 242
910 2641 1005 2730 sqq.],
1034 2645 1073 2708 Η.
1104 2641 1342 2725 philosophiam
1371 2641 1435 2704 eius

214 2749 391 2815 Platonicis
407 2747 686 2829 Aristotelieisque
709 2747 839 2829 placitis
864 2751 1065 2816 commixtam
1083 2751 1278 2830 ostenderet,
1303 2747 1360 2814 111.
1386 2747 1435 2812 de·

214 2857 311 2939 nique
335 2855 470 2920 eundem
499 2856 596 2920 etiam
625 2855 689 2918 alia
712 2855 900 2936 praebuisse
925 2859 1055 2924 Laertio
1084 2859 1307 2924 arbitraretur.
1359 2855 1434 2920 Gou-

214 2965 346 3030 veniunt
372 2962 453 3026 haec
480 2963 512 3026 in
543 2962 745 3027 Favorinum.
794 2963 863 3044 Qui,
897 2971 933 3029 ut
966 2966 1092 3030 mittam
1129 2969 1253 3044 cetera,
1279 2961 1434 3044 Tmasylli

214 3071 291 3136 lecit
319 3070 443 3152 copiam
472 3070 618 3150 Laertio,
643 3069 788 3134 Platonis
818 3076 852 3134 et
879 3071 1065 3138 Aristotelis
1094 3073 1184 3137 iuxta
1215 3077 1360 3138 sectator
1386 3067 1433 3154 [ol.

215 3179 338 3246 Gelhus
361 3177 447 3258 XXI,
475 3180 502 3258 l,
528 3179 558 3242 9.
606 3177 739 3242 Marres.
765 3197 795 3258 p.
822 3179 863 3242 54
888 3179 983 3264 sqq.].
1035 3179 1222 3246 Exscribam
1250 3197 1332 3262 quae
1368 3195 1435 3244 con·

215 3287 362 3352 condant:

347 3461 475 3516 Laertius
493 3459 534 3513 lll
552 3463 587 3516 56
606 3476 664 3528 sqq.
824 3461 828 3549 l
853 3461 971 3518 Albinus
981 3479 1007 3530 p.
1021 3465 1079 3531 149,
1092 3465 1109 3518 5
1130 3461 1240 3532 [Frend.
1253 3479 1279 3532 p.
1290 3465 1345 3518 258
1359 3459 1425 3530 sno]

216 3607 422 3694 Θράσυλος
453 3609 492 3672 δέ
521 3625 599 3693 φησι
629 3609 685 3670 καὶ
716 3609 798 3670 κατὰ
855 3611 934 3674 slot
963 3607 1006 3674 dd
1035 3608 1073 3673 οἳ
1095 3607 1151 3673 καὶ
1180 3609 1263 3674 κατὰ
1291 3608 1435 3696 τετραλο-

215 3719 276 3802 τῂν
298 3714 452 3802 τραγικήν
467 3716 677 3800 τετραλογίαν
694 3714 800 3780 ladod-
854 3721 931 3794 γίαν
958 3713 1117 3792 διελόντες
1146 3713 1263 3790 aaran
1285 3717 1343 3779 καὶ
1368 3715 1435 3778 τότ-

216 3847 272 3890 ναι
295 3818 398 3888 αὐτόν
420 3823 495 3897 τούς
518 3817 700 3904 διαλόγους.
718 3873 725 3887 .
740 3871 770 3886 ..
854 3839 945 3890 τουσι
984 3823 1113 3912 πρώτην
1151 3851 1178 3890 τ.
1227 3829 1434 3910 περιέχουσαν

215 3931 320 3996 11157
345 3927 473 4014 πρώτην
495 3929 557 4012 μὲν
573 3925 631 3994 οὖν
653 3928 799 4012 terpato-
854 3933 911 3996 τόν
933 3929 1134 4018 Ευθόφρονα
1158 3933 1213 3996 καί
1238 3929 1296 4014 τὴν
1320 3927 1433 3997 ἀποίο-

216 4043 292 4116 γίαν
306 4042 415 4122 τίθυσι
434 4033 493 4120 τὴν
508 4038 621 4120 κοινήν
636 4035 800 4102 ὑπόδεσιν
853 4043 930 4118 γίαν
957 4038 1012 4102 ναί
1042 4037 1100 4104 τόν
1124 4045 1270 4124 Κρίτωνα
1301 4037 1357 4103 καὶ
1383 4035 1433 4099 τὸν

217 4141 800 4231 ἔχουσαν...58ταύτηςδέτῆςτετρα-
855 4145 1013 4212 Φαίδωνα
1114 4148 1230 4234 ταύτης
1259 4152 1314 4232 τῆς
1344 4143 1432 4226 δόξης
