3010 4866
1234 215 1278 282 33

57 396 132 460 ιαιά
167 397 243 470 uode
278 385 469 472 Λάμοάστοιι
501 389 560 458 τοῦ
593 393 753 476 Καλσαρος
785 387 937 478 χρόνους,
975 389 1010 466 ὃς
1044 389 1210 478 διέτριψεν
1244 392 1281 458 ἓν

58 499 220 588 Περγάμῳ.
272 499 403 567 Diserto
438 497 500 564 hoo
533 495 719 564 testimonio
747 533 789 546 --
818 497 914 581 plura
939 515 1003 566 non
1032 503 1210 582 suppetunt
1235 533 1280 550 --

57 609 186 692 Augusti
208 606 350 689 tempori
373 604 563 687 adsignatur
585 601 828 690 Demetrins³¹).

139 735 168 798 g.
194 715 346 794 111109,
378 715 492 792 μέμονε
518 712 554 776 di
584 710 639 774 κοιλ
661 709 765 786 ἄλλος
787 709 927 776 Πλάτων
957 705 1141 796 φιλόσοφος
1156 707 1282 787 Ῥόδιος

58 819 199 908 μαάριὴς
222 824 414 902 Παναιτίου,
436 815 549 882 καθά
572 835 666 904 φησι
689 818 879 893 Σέλευκος
902 814 920 882 ά
944 819 1218 903 γραμματικὸς
1240 817 1281 883 ἐν

58 927 187 1015 πρώτῳ
210 932 303 1014 περὶ
326 925 585 1012 φιλοσοφίας,
608 923 799 991 Homericus
823 923 890 991 scil.
909 923 1061 991 Seleucus
1076 925 1131 1008 qui
1155 929 1189 991 et
1203 925 1281 991 alibi

58 1037 211 1101 vocitatur
226 1053 286 1117 pen
301 1033 508 1099 eminentiam
531 1031 550 1098 d
573 1030 792 1118 γραμματικός
817 1069 855 1080 -
882 1029 978 1097 aliter
1001 1033 1129 1099 omnino
1152 1033 1282 1116 ignotus

59 1141 194 1208 eiusdem
216 1139 356 1207 nominis
379 1140 621 1223 grammaticus,
645 1177 691 1188 -
713 1159 817 1224 neque
839 1140 900 1206 hac
923 1140 963 1206 de
994 1159 1030 1206 re
1052 1141 1119 1206 nlla
1142 1157 1282 1224 unquam

59 1255 123 1315 erat
150 1249 320 1316 dissensio.
367 1248 417 1313 De
440 1248 530 1314 ouius
559 1253 706 1331 tempore
734 1265 845 1314 eorum
871 1247 968 1314 hodie
997 1247 1181 1314 dominatur
1211 1266 1283 1314 sen-

60 1359 167 1438 tentia,
193 1357 249 1440 qui
272 1356 316 1422 Μ.
334 1353 545 1422 Schmidtium
569 1353 693 1439 [philol.
710 1354 759 1420 III
781 1355 847 1420 too
870 1354 954 1439 squ]
979 1355 1081 1420 secuti
1105 1355 1146 1422 ad
1162 1355 1282 1421 saeculi

62 1481 87 1530 a.
110 1463 182 1531 (ihr.
207 1483 238 1528 n.
263 1463 399 1528 alterius
422 1462 543 1527 exitum
565 1460 719 1528 referunt.

141 1569 362 1636 Proficiscitnr
378 1568 573 1635 Schmidtius
589 1585 609 1632 a
625 1567 749 1635 duobus
770 1566 901 1634 scholiis
923 1567 956 1633 in
973 1567 1137 1649 Aristoph.
1155 1565 1282 1639 Thoan.

62 1676 319 1744 adnotationibus
350 1695 378 1742 v.
397 1677 462 1742 840
497 1677 531 1740 ot
561 1675 662 1740 1175:
698 1672 856 1750 πολλάκις
887 1677 995 1752 alnov,
1031 1671 1081 1738 ὅτι
1108 1671 1284 1760 προβάλλει

61 1779 274 1870 άὋμηριιιὸς
302 1783 407 1868 [codd.
438 1777 608 1868 ὁμηρικῶς]
638 1819 679 1830 -
709 1782 776 1848 scil.
801 1779 954 1857 Σάλουιος
975 1818 1019 1832 -··
1047 1779 1089 1846 dv
1114 1783 1162 1869 τῷ
1190 1778 1285 1868 πρὸς

63 1889 252 1973 Πολύβιον
273 1889 512 1976 προιαοιιορῖ·
529 1893 576 1964 τίς
591 1885 825 1972 ἧὝπορβάλοο
839 1888 956 1976 ussaw
982 1891 1066 1954 1175
1083 1886 1285 1975 βαρβαρικὸν

63 2001 111 2060 καὶ
139 1995 299 2083 Περσικὸν
326 1998 449 2082 άρχημοι
481 1995 627 2081 ὄκλασμα
656 1994 816 2066 καλεῖται,
849 1996 921 2082 περὶ
944 1991 981 2062 οὗ
1005 1993 1133 2079 ’λάβοις
1159 1993 1285 2081 μακράν

64 2109 228 2190 πεποίηται
250 2101 350 2184 λόγον
372 2103 410 2167 ἐν
424 2113 491 2179 τοῖς
505 2109 579 2190 περὶ
593 2106 650 2189 τῆς
664 2103 837 2188 άεοιριιιῆς
853 2101 1002 2188 ἳστορλας,
1027 2099 1107 2166 don
1122 2100 1285 2168 λελύσθαι

63 2207 285 2296 π’ρνΣελεάκου
307 2207 480 2297 πρότασιν·
503 2215 664 2296 προτελνει
685 2209 749 2296 γάρ
763 2207 803 2276 ἐν
818 2211 869 2296 τῷ
891 2207 986 2294 πρὸς
1002 2209 1165 2295 Ζήνωνα
1188 2229 1284 2294 προ·

63 2323 213 2405 earcuo·
231 2317 275 2402 [ιλ
293 2317 408 2384 inserit
418 2315 695 2401 Wilamowitzius]
712 2315 746 2381 τὸ
764 2315 922 2402 Περσικὸν
937 2315 1095 2399 dalocum.
1133 2315 1285 2382 Seleucus

63 2421 155 2504 igitur
177 2431 212 2492 et
233 2421 416 2499 ἐνποιικάς
437 2429 471 2490 et
490 2425 627 2490 Zenonis
651 2425 815 2490 cuiusdam
831 2421 1019 2506 Polybiique
1043 2428 1115 2489 erat
1137 2440 1283 2490 coaevus.

65 2527 148 2606 Quod
157 2531 354 2598 Schmidtius
365 2537 537 2614 praeterea
549 2531 682 2614 conligit
691 2529 868 2612 Seleucum,
882 2531 1032 2612 quoniam
1045 2531 1146 2596 lubae
1155 2531 1283 2611 librum,

65 2635 176 2720 inquo
201 2639 241 2704 de
266 2639 441 2706 oclasmate
465 2639 645 2721 expositum
668 2643 754 2720 erat,
779 2637 976 2720 ignorasset,
1000 2637 1185 2703 necessario
1209 2642 1284 2702 ante

64 2741 168 2810 Iubam
189 2746 319 2826 vixisse,
344 2763 461 2828 posse
484 2745 613 2827 quidem
637 2745 754 2826 conligi
777 2762 840 2810 non
857 2762 949 2825 nego,
973 2761 1089 2825 posse
1107 2747 1215 2808 autem
1238 2743 1286 2807 ita

66 2867 185 2933 quoqne
198 2871 267 2918 rem
280 2851 367 2934 fingi,
382 2851 526 2930 Seleuco,
543 2851 620 2916 licet
631 2856 707 2934 post
718 2851 830 2916 Iubam
842 2847 950 2929 luerit,
968 2849 1069 2919 nihilo
1082 2849 1186 2914 secius
1198 2847 1285 2912 illius

66 2953 100 3020 de
108 2957 281 3022 oolasmato
290 2957 595 3038 disputatiunculam
607 2976 671 3023 nou
684 2959 873 3037 innotuisse,
885 2953 965 3022 mihi
978 2956 1214 3022 eoncedendum
1225 2960 1283 3020 est.

139 3063 298 3132 Perverse
309 3083 406 3146 porro
420 3063 459 3128 de
466 3063 592 3130 Zenone
600 3061 725 3132 Seleuci
737 3063 922 3130 adversario
935 3063 1071 3129 coniecit
1079 3063 1284 3133 Schmidtiua.

67 3165 186 3236 Etenim
221 3189 316 3254 quem
344 3171 452 3236 Laert.
477 3170 515 3234 Ι).
541 3169 616 3250 VH,
646 3170 689 3235 30
722 3170 757 3234 in
791 3169 953 3238 Zenonum
989 3169 1136 3251 catalogo
1168 3167 1287 3234 excitat

68 3279 303 3354 namneticum
332 3271 371 3342 οὗ
400 3274 482 3362 πρὸς
507 3288 573 3351 τοῖς
600 3274 714 3352 ἄλλοις
743 3282 798 3340 καὶ
820 3273 1046 3362 ἐπιγράμματα
1069 3278 1201 3362 φεράιαι
1222 3293 1286 3340 non

69 3381 155 3450 nodo
177 3403 243 3452 uon
264 3381 395 3450 sortiter
418 3381 601 3451 adfirmauit
624 3401 695 3449 esse
718 3379 818 3466 illum,
842 3385 900 3450 sed
924 3385 1022 3450 etium
1045 3382 1173 3467 quando
1189 3380 1288 3447 luerit

71 3531 272 3546 *nn—ama

135 3609 173 3682 ³¹)
191 3611 254 3668 Etsi
267 3627 339 3668 anno
358 3613 402 3681 Si,
421 3627 476 3682 quo
494 3611 654 3682 ‘Angustus’
666 3609 722 3668 dici
735 3611 837 3680 coepit,
855 3611 1012 3666 Demetrius
1025 3613 1178 3679 superorat,
1195 3610 1288 3678 potuit

72 3703 153 3754 umen
171 3700 241 3771 deri,
259 3707 292 3755 nt
309 3701 468 3758 &temnant
489 3699 624 3756 editiones
641 3700 826 3756 Alexandriae
847 3701 908 3770 ipse
926 3700 1043 3768 videret,
1062 3699 1135 3769 quod
1154 3698 1288 3768 Didymus

72 3799 116 3840 noc
131 3787 197 3844 iecit
208 3803 260 3844 nac
272 3789 364 3844 lacere
376 3789 469 3858 potnit
486 3793 549 3860 post
562 3786 746 3844 bibliothecae
764 3789 933 3846 incendium:
951 3804 985 3844 ea
998 3789 1071 3847 enim
1084 3787 1288 3844 Wilamonitzii

73 3877 260 3934 attentemus
277 3877 346 3932 mihi
363 3893 418 3932 non
437 3875 582 3932 contraria.
618 3875 659 3932 De
679 3877 814 3934 Zenodoti
838 3883 867 3931 et
886 3876 1099 3946 Anisthophanis
1121 3875 1289 3930 editionibus

73 3959 137 4018 idem
154 3967 282 4036 probavit
301 3963 458 4021 Beccardue
476 3983 503 4036 p.
521 3967 557 4022 54
574 3981 601 4020 n.
620 3967 663 4021 30.
683 3997 715 4006 -
736 3965 949 4022 Schenerleerus
972 3965 1060 4021 solitis
1078 3964 1158 4034 nugis
1182 3979 1287 4020 errasm

74 4047 176 4108 Suidam
197 4054 312 4112 [ordiar
334 4051 468 4110 adfirmat.
512 4053 597 4110 onius
620 4054 729 4110 tandem
752 4053 898 4124 aliqnando
923 4053 1063 4109 mittamus
1085 4053 1288 4123 loquacitatem,

75 4153 138 4206 quae
155 4144 286 4213 perplexa
303 4141 416 4198 levitate
435 4158 480 4199 ros
498 4141 630 4214 confingit
648 4159 718 4214 quan
735 4143 797 4214 quis
814 4147 907 4214 potest
924 4141 999 4200 facili
1018 4142 1117 4213 spiritu
1136 4140 1251 4198 difflata.

121 4246 227 4304 Ptilolog.
241 4249 439 4303 Uulcanehnugcn
449 4249 491 4292 lll.
1093 4231 1110 4288 3
