3010 4866
1269 235 1307 299 ‘tl

87 401 134 466 rio
158 399 296 466 haerere
319 401 542 484 suspicionem,
566 404 599 470 in
616 422 710 487 quem
726 404 923 488 quadrarent
937 405 995 474 illa
1010 404 1201 492 emugio⁷⁷h
1235 410 1310 491 Ipso

86 508 194 574 inveni
217 508 334 590 quibus
356 509 590 592 comprobetur.

175 615 207 682 b.
232 615 362 682 Etenim
385 615 556 684 frustulum
578 617 659 684 illud
682 619 768 684 vitae
791 617 936 686 Platonis
960 620 1200 704 Porphyriones
1224 625 1310 706 apud

88 721 243 804 Cyrillum
267 722 394 808 [contra
416 725 574 790 Iulianum
598 725 642 790 VI
665 745 696 808 p.
722 725 801 810 208]
825 727 977 792 concinit:

85 861 473 950 φησὶδὲναὶπερῐαῦτσῦ
487 863 723 953 Πορφόρισς·
750 865 753 963 Ι
920 888 950 952 p.
978 871 1008 949 6,
1030 871 1074 934 46
1098 889 1165 954 sqq.

82 1024 274 1114 ἐπαιδεύθη
296 1028 331 1094 dr
354 1027 530 1096 ὁΠλάτων
553 1025 646 1114 παρὰ
663 1033 724 1112 μὲν
778 1027 925 1114 tpotrqca
948 1028 979 1094 δ’
1004 1028 1041 1094 ἐν
1056 1024 1162 1116 ἡλικίᾳ
1176 1031 1307 1116 γενόμε-

86 1140 251 1222 Δισνσσίῳ
266 1135 451 1222 γράμματα,
473 1137 564 1223 παρὰ
588 1137 618 1201 δ’
640 1132 723 1224 'Apt-
777 1157 833 1210 νος
854 1137 1081 1228 γραμματιστῇ
1108 1142 1168 1220 μὲν
1193 1147 1307 1206 Διονυ-

81 1255 184 1306 στιινι
205 1241 368 1330 παλαιστῇ
390 1245 431 1306 τὰ
456 1244 539 1308 κατὰ
562 1241 619 1327 τὴν
645 1267 723 1328 roys-
777 1248 835 1330 σίῳ
852 1295 859 1308 .
879 1293 886 1308 .
910 1249 1074 1332 γυμναστῇ
1096 1243 1124 1306 d'
1142 1239 1308 1330 Ἀρίστωνι

82 1349 250 1433 ναστιτήν·
272 1356 354 1430 φασὶ
369 1351 405 1416 δὲ
419 1350 474 1414 ml
487 1349 623 1434 Ἰσθμια
640 1374 723 1428 τινες
777 1401 784 1416 .
799 1400 829 1416 ..
848 1346 889 1426 ὥς
912 1355 968 1414 καὶ
982 1349 1042 1416 dolo
1062 1346 1192 1430 ἀγῶνας
1206 1348 1308 1417 αὐτὸν

81 1455 140 1518 καὶ
164 1455 281 1522 Πύθια
304 1464 430 1542 νικῆσαι
452 1453 564 1524 αι’·τόν.
776 1457 903 1542 νικῆσαι
925 1453 1051 1541 ττλ.”).

175 1601 201 1648 c.
226 1581 394 1650 Postremo
427 1601 498 1648 cum
531 1581 611 1648 hacc
645 1583 685 1650 de
713 1583 857 1652 Platonis
891 1582 1094 1650 institutione
1124 1581 1175 1666 [ci.
1209 1601 1307 1666 supra

80 1709 113 1772 p.
142 1687 199 1773 61]
228 1689 372 1754 namatio
400 1693 468 1754 tum
501 1690 587 1754 ritae
615 1689 819 1774 Pythagorae
851 1689 1021 1772 Porphyrii
1049 1690 1134 1756 bonu
1162 1709 1239 1772 pars
1267 1709 1307 1756 ex

79 1796 208 1864 [nertii
231 1795 409 1879 biographo
436 1796 558 1877 petitae
579 1801 665 1864 sunt.
692 1833 734 1844 -
754 1797 927 1882 Porphyrii
950 1798 1049 1880 igitur
1072 1799 1139 1863 vita
1161 1798 1306 1866 Platonis

80 1921 189 1985 paene
216 1904 280 1968 iam
309 1908 418 1986 potest
444 1904 582 1970 restitui.
642 1903 709 1970 Nec
736 1910 845 1972 tarum
874 1903 1120 1988 Olympiodorus
1153 1904 1220 1970 illic
1247 1923 1306 1970 nec

79 2013 270 2094 Anonymus
292 2012 474 2078 omisersom
497 2011 751 2093 complectuntur
774 2012 874 2080 vitam
897 2011 1160 2094 Porphyrianam.
1199 2011 1304 2078 Unum

78 2119 297 2202 supplendum
332 2124 384 2184 est
417 2136 455 2184 ex
486 2118 707 2201 Olympiodori
741 2119 871 2184 scholiis
906 2119 939 2184 in
974 2117 1120 2184 Platonis
1150 2119 1303 2202 Gorgiam

79 2227 214 2310 scriptis
237 2245 276 2292 err
299 2225 485 2294 detonsione
509 2230 621 2292 contra
636 2224 811 2292 Aristidem
835 2224 999 2294 rhetorem
1023 2225 1075 2308 [ci
1093 2224 1203 2292 Jahnii
1227 2243 1300 2292 ann.

78 2333 190 2416 suppl.
215 2333 289 2400 XIV
313 2334 430 2416 (1848)
452 2353 484 2416 p.
510 2334 574 2398 392
598 2329 697 2420 sqq.]:
723 2332 756 2396 id
779 2332 866 2414 quod
889 2351 946 2398 suo
970 2331 1040 2398 loco
1063 2351 1251 2415 proponam.

173 2443 203 2505 2.
229 2439 263 2506 Si
287 2441 320 2506 in
343 2439 512 2522 Porphyrii
535 2440 730 2506 auctoritate
753 2439 1058 2521 conquiesceremus,
1083 2459 1146 2506 non
1168 2439 1304 2512 multum

77 2547 339 2630 profecissemus.
389 2547 471 2613 Nam
495 2567 534 2614 cr
557 2567 621 2630 quo
644 2549 673 2614 J.
694 2546 889 2629 Bernaysius
917 2546 951 2610 in
974 2545 1058 2612 libro
1081 2547 1154 2632 περὶ
1176 2543 1304 2632 ἀποχῆς

76 2651 240 2739 ἐμψύχων
267 2653 438 2736 Porphyrii
477 2654 697 2722 conscribendi
731 2655 891 2720 rationem
926 2653 1173 2736 demonstravit,
1208 2673 1302 2722 uerno

76 2761 244 2827 dubitabit
266 2762 344 2844 quin
367 2767 500 2843 excepto
523 2779 639 2846 saporo
662 2761 718 2828 illo
741 2761 965 2844 ncoplatonico
989 2759 1069 2828 nihil
1093 2762 1162 2844 ipsc
1185 2763 1301 2828 nedum

75 2875 148 2934 tam
170 2868 358 2934 reconditae
381 2869 546 2936 doctrinae
569 2867 744 2950 specimina
767 2867 1006 2950 constiparent

168 2977 237 3043 lam
260 2995 337 3043 vcro
354 2977 514 3044 consentit
536 2976 724 3059 plerumque
741 2995 811 3042 cum
828 2975 958 3042 Laertio
979 2981 1014 3042 et
1028 2975 1174 3058 Apuleio.
1215 2977 1301 3056 Quos

154 3153 191 3225 77)
209 3153 413 3210 Commentatus
436 3159 478 3208 est
496 3152 665 3224 Porphyrius
689 3159 718 3208 ct
740 3153 880 3208 Timoaum
903 3158 932 3206 et
956 3151 1170 3224 Motaphysicom
1197 3152 1301 3224 [Zeller

74 3245 116 3298 V’
134 3262 162 3314 p.
175 3243 248 3316 5771.
268 3273 301 3284 -
321 3241 466 3313 Porphyrii
485 3243 610 3314 isagogae
630 3249 713 3312 caput
727 3240 767 3295 111
780 3239 989 3310 olympiodorus
1001 3256 1063 3296 cum
1075 3241 1297 3312 Meteorologiam

74 3335 240 3389 inlustraret
258 3333 461 3388 Aristotelicum
479 3331 602 3402 respexit
620 3331 667 3404 [ci.
686 3330 777 3386 Zeller
795 3331 832 3386 V²
850 3347 876 3399 p.
889 3333 949 3387 577.
970 3331 1046 3400 7721.

149 3421 189 3491 ²⁸)
208 3423 304 3478 ‘Addit
322 3421 488 3492 Anonymus’
505 3420 645 3494 ‘'otdpuui
664 3441 691 3476 u
710 3424 757 3476 καὶ
771 3419 876 3494 Νὲμιιθ.
907 3419 983 3476 Hsac
999 3419 1065 3474 milri
1082 3419 1152 3476 salsa
1163 3419 1298 3477 ridentur.

291 3511 458 3582 Apuleius
475 3511 546 3567 enim
565 3510 650 3568 babet
674 3509 802 3567 ‘Isthmia
819 3515 848 3566 et
865 3509 973 3579 Pythis‘

291 3600 456 3658 Laertius
673 3599 807 3656 ‘Isthmia'
828 3599 875 3672 [cx
892 3597 1075 3672 Dicaearcho]

290 3689 504 3760 Porphyrius
671 3687 799 3744 ‘Isthmio
816 3693 846 3743 et
862 3685 979 3756 Pythia’.

73 3779 179 3836 Omnes
195 3777 225 3833 hi
243 3779 286 3834 usi
310 3785 375 3834 sunt
394 3779 488 3834 eodem
506 3779 657 3850 biographo
678 3778 719 3849 [id
738 3777 811 3848 quod
829 3777 863 3833 do
882 3775 1036 3846 Porphyrio
1053 3775 1169 3844 posthac
1186 3775 1296 3832 demon-

73 3868 172 3924 strabo
190 3885 216 3938 p.
235 3869 298 3939 751:
322 3883 387 3938 ergo
410 3865 456 3922 illo
479 3867 595 3924 Isthmia
617 3873 647 3923 ot
663 3867 770 3940 [Pythia
791 3867 959 3936 prodiderat.
999 3865 1120 3933 Cumque
1139 3865 1297 3936 Anonymus

72 3957 163 4014 addet
181 3957 245 4013 ‘dio
263 3958 373 4030 ἀγῶνας
391 3957 494 4024 νικῆσαι
506 3957 594 4014 αὐτόν’
612 3957 680 4012 mihi
697 3957 807 4027 quidem
822 3955 946 4028 Olympia
963 3961 992 4010 et
1003 3955 1107 4011 Nemes
1119 3955 1297 4024 improbanda

72 4047 220 4120 ridentum
239 4053 303 4104 sunt
320 4045 494 4118 interpolata,
513 4047 566 4103 nisi
583 4047 724 4103 libidinem
742 4046 878 4118 Monymi
897 4045 1022 4102 income
1040 4043 1206 4116 praeplacet.
