3010 4866
1277 185 1318 250 57

87 365 330 448 procrastinata
365 369 474 430 essent
506 362 631 442 abeo,
665 366 703 428 ut
730 367 806 445 post
833 365 1093 443 recenserentur,
1130 365 1164 426 et
1197 360 1320 428 absolvi

88 473 242 556 quoniam
271 489 357 538 mors
385 470 618 554 praevertisset
645 469 881 552 nequivissent,
916 487 1117 552 nequaquam
1151 473 1320 551 poetarum

89 579 326 663 elegantissimi
360 579 488 643 nomine
523 581 620 660 atque
654 576 772 642 iudicio
802 576 900 658 digna
928 594 1008 642 esse.
1038 575 1319 642 -Pindarum

89 687 228 770 denique
253 684 324 770 [ih]
349 683 389 750 ob
404 684 500 749 nimis
516 684 655 767 opimam
678 683 896 766 tumidamque
917 681 1098 748 facundiam
1114 683 1318 766 vituperavit.

178 793 211 858 h.
238 791 483 875 ‘Polymathiam
513 791 644 874 sapiunt
670 790 813 856 indices'.
864 790 1040 856 Favorinus
1069 795 1188 872 quanto
1221 807 1319 873 opere

88 899 330 982 philosophiam
345 917 409 964 uon
424 916 520 964 unam
537 898 594 964 aed
610 915 720 964 omnes
736 897 974 979 amplexaretur
989 896 1046 962 alii
1069 897 1321 980 disquisiverunt

89 1007 142 1091 [ci
173 1005 326 1072 Marrasii
361 1006 437 1071 diss.
474 1005 513 1070 de
541 1005 700 1071 Favorino
728 1024 759 1087 p.
786 1005 828 1068 54
852 1003 946 1088 sqq.].
999 1004 1048 1069 De
1082 1004 1197 1070 studiis
1232 1003 1318 1070 illius

87 1113 227 1196 poeticis
256 1117 290 1178 et
317 1112 480 1178 historicis
509 1116 542 1178 at
568 1111 701 1177 medicis
729 1111 804 1177 dixi.
852 1109 987 1176 Dicendi
1013 1110 1116 1176 virtus
1138 1111 1316 1177 notissima.

88 1219 272 1286 Habitabat
294 1219 327 1284 in
351 1218 574 1301 grammatica,
599 1219 688 1285 velut
710 1218 887 1300 Vergilium
911 1236 975 1283 una
998 1235 1069 1283 curn
1092 1217 1212 1301 Hygini
1235 1235 1319 1284 eom·

86 1327 259 1394 menteriis
287 1326 334 1391 ito
362 1325 588 1408 pertractavit,
623 1330 661 1390 ut
688 1325 765 1407 quid
792 1330 890 1408 poeta
918 1325 1049 1407 dignum
1080 1325 1157 1407 quid
1185 1343 1249 1392 non
1277 1326 1319 1391 ad

88 1435 179 1500 illius
215 1433 341 1500 dicendi
375 1449 467 1498 usum
503 1449 693 1514 sensumque
728 1449 821 1497 suum
854 1432 1006 1498 adcurate
1041 1431 1236 1513 ponderaret
1264 1431 1317 1516 [ci.

88 1541 172 1607 Gall.
198 1540 304 1625 121}
351 1538 476 1604 Probus
507 1555 577 1604 cum
607 1537 794 1604 Sallustium
821 1539 905 1604 male
935 1539 1112 1622 explicasse
1142 1539 1316 1621 videretur,

26 1637 30 1640 ’
86 1649 210 1714 malum
224 1665 374 1730 magnum
391 1646 421 1712 ei
436 1647 577 1711 minatus
590 1645 836 1711 cstFavorinus.
869 1646 934 1712 Nee
946 1645 1150 1712 detrectabat
1161 1647 1316 1728 criticam,

86 1757 115 1822 si
131 1755 263 1838 quidem
275 1753 454 1836 Polycratis
470 1751 706 1819 accusationem
719 1769 825 1818 coram
841 1751 999 1818 iudicibus
1015 1771 1078 1816 non
1091 1769 1161 1817 esse
1173 1751 1316 1818 habitam

86 1862 290 1944 argumentis
318 1860 507 1926 certissimis
535 1859 630 1925 evicit
659 1857 991 1943 [ci.Laert.1141].
1045 1858 1107 1925 Sed
1136 1858 1212 1941 quid
1243 1877 1316 1924 eva·

86 1987 203 2052 gamur
225 1967 340 2048 latius,
372 1985 442 2032 eum
464 1966 588 2031 licitum
611 1966 655 2032 sit
678 1984 717 2031 ex
739 1967 810 2048 ipsa
832 1965 907 2031 libri
930 1966 1145 2048 descriptione
1169 1965 1317 2033 Gelliana

86 2093 192 2158 exque
222 2091 262 2140 ea
289 2091 385 2156 quam
415 2073 521 2138 animo
550 2074 614 2138 iam
644 2077 790 2138 tenemus
820 2073 960 2156 imagine
990 2073 1030 2138 de
1060 2072 1147 2138 illius
1170 2073 1317 2140 doctrina

85 2181 298 2250 existimare?
344 2178 541 2262 ‘omnigena’
568 2163 785 2245 scilieet⁰erat
806 2179 952 2247 historia.

177 2288 199 2352 i.
225 2287 327 2352 ‘Intra
354 2305 455 2353 annos
479 2289 521 2352 60
545 2291 579 2353 et
604 2289 667 2352 160
690 2307 721 2370 p.
747 2286 820 2354 Ghr.
844 2307 874 2354 n.
903 2287 1025 2354 indices
1054 2284 1191 2353 conlecti
1218 2287 1314 2353 sunt'.

83 2394 214 2461 Floruit
235 2393 422 2459 Hadrianea
444 2399 552 2460 aetate
575 2394 761 2461 Favorinus.

176 2501 230 2568 IV.
268 2497 397 2566 Secrevi
435 2517 533 2582 supra
570 2499 611 2565 ab
645 2499 908 2584 homonymorum
943 2500 1099 2584 catalogis
1133 2501 1315 2568 Laertianis

84 2608 252 2692 aporias
275 2606 432 2690 quasdam
455 2606 578 2672 Laertii
600 2625 659 2689 per
674 2607 909 2691 homonymiam
925 2608 1057 2674 solutas.
1096 2607 1168 2674 Huc
1183 2613 1315 2691 praeter

84 2713 306 2798 Pherecydem
321 2713 486 2795 pertinere
502 2713 568 2780 dixi
591 2715 843 2782 Periandros.
883 2716 932 2781 De
947 2715 1123 2781 Periandro
1148 2714 1314 2782 Corinthio

87 2821 284 2890 dubitabant
310 2825 453 2901 veteres,
484 2820 668 2886 numidam
696 2819 795 2888 luerit
818 2822 956 2904 sapiens.
1003 2821 1047 2886 Et
1068 2820 1162 2887 Plato
1186 2821 1315 2904 quidem

84 2930 177 2996 illum
212 2932 250 2994 ut
280 2933 453 3011 iwannum
481 2927 617 2993 exclusit
651 2927 880 3011 substituitque
910 2927 1076 3012 Mysonem
1105 2927 1313 3008 Chenemem,

83 3033 281 3102 Aristoteles
294 3033 452 3100 Corinthii
469 3033 613 3100 defendit
628 3035 819 3118 sapientiam
835 3033 887 3119 [cl.
905 3033 1012 3100 Laert.
1030 3033 1125 3118 I98],
1149 3033 1314 3099 Neanthes

84 3151 120 3212 et
145 3143 235 3210 Sotio
258 3143 307 3208 ita
329 3141 422 3206 litem
445 3141 652 3222 dirimebant,
680 3147 718 3208 ut
746 3141 947 3225 tyrannidem
975 3140 1158 3207 tribuerent
1180 3139 1314 3206 Ambra-

85 3252 191 3318 ciotae
227 3247 354 3314 cuidam
391 3248 572 3330 cognomini
601 3249 714 3314 -de
749 3267 811 3332 quo
842 3247 881 3315 ei.
905 3249 1006 3314 Arist.
1030 3247 1125 3313 Polit.
1152 3247 1180 3313 V
1211 3247 1315 3312 1304·

85 3360 140 3438 32,
167 3357 271 3422 1311·
295 3357 337 3421 39
362 3391 404 3404 -
429 3356 621 3438 sapientiam
645 3355 821 3422 Corinthio.
868 3356 996 3422 Posteri
1025 3359 1122 3438 prout
1150 3359 1314 3421 auctorem

85 3462 349 3548 sequebanturin
362 3461 506 3528 diversas
519 3463 736 3529 discesserunt
749 3464 936 3530 sententias.
969 3461 1104 3528 Constat
1116 3481 1155 3528 ex
1167 3463 1313 3530 oratione

85 3569 293 3638 Corimhiaca
316 3603 360 3616 -
384 3569 425 3634 de
448 3587 512 3652 qua
535 3567 572 3636 el.
598 3571 789 3653 epimetrum
812 3571 844 3636 Il
872 3605 909 3616 —
933 3570 1125 3636 Favorinum
1153 3570 1249 3635 istam
1273 3571 1313 3637 de

82 3677 261 3744 Periandro
290 3675 435 3759 aporiam
462 3695 525 3742 non
554 3675 657 3741 solum
680 3677 817 3757 novisse,
841 3695 964 3757 verum,
989 3675 1075 3759 quod
1098 3676 1227 3760 gravius
1252 3681 1312 3758 est,

84 3787 193 3867 ipsum
220 3783 423 3849 diiudicasse.
474 3783 650 3866 Postquam
685 3783 768 3848 enim
795 3783 850 3848 ille
881 3803 912 3866 p.
931 3783 995 3849 520
1024 3783 1221 3868 [Emperius]
1249 3803 1313 3850 nou

85 3893 157 3958 sine
187 3895 276 3956 certo
307 3889 446 3973 quodam
481 3889 613 3957 consilio
648 3890 729 3956 dixit
761 3890 963 3976 Περίανδρον
990 3891 1049 3956 τόν
1079 3891 1230 3978 Κυψέλου
1258 3891 1313 3957 τὸν

84 3995 195 4082 σοφόν
224 4002 257 4063 et
278 4017 310 4080 p.
330 3999 391 4062 521
422 3999 554 4064 iteravit
581 3993 665 4062 οὕτω
692 3993 757 4064 tna
786 4001 846 4079 μὲν
873 3997 931 4064 τοῦ
962 4001 1045 4063 θεοῦ
1071 3997 1222 4078 βασιλεὺς
1249 3993 1312 4064 ὑπὸ

83 4104 124 4169 δὲ
155 4100 220 4166 τῶν
235 4099 407 4187 Ἑλλήνων
434 4099 637 4191 ἀνηγορεύθη
660 4102 771 4191 σοφός,
796 4103 882 4170 haud
912 4109 1081 4172 contentus
1110 4105 1236 4187 statim,
1271 4123 1312 4171 ne
