3016 4858
234 195 297 260 156

231 375 320 440 νοῦν.
367 372 469 458 δῆλον
490 372 519 436 δ’
544 371 579 436 ἐκ
601 371 667 437 τᾶν
688 371 946 456 συγγραμμάτων
966 365 1028 434 κὰκ
1049 373 1111 436 τοῦ
1132 367 1349 453 Strepitum
1370 373 1451 452 Σῳ·

229 485 355 546 nudius.
403 480 497 545 dour
515 478 552 543 δὲ
574 483 628 542 καλ
650 479 707 564 τῆς
728 475 997 563 ἀνδρωδεστάτης
1023 477 1159 562 munic
1179 476 1352 560 κατάρξαι,
1373 474 1453 540 ὅθεν

228 593 284 652 καὶ
314 584 496 674 Ἀθήναιος
523 581 543 650 ὅ
574 583 895 672 ἐπιγραμματωιοιὸς
921 581 983 652 are‘.
1028 585 1175 666 sequitur
1202 585 1400 666 epigramma
1422 633 1451 647 ..

229 691 323 772 οὗτος
338 691 478 781 ἡγήσατο
492 699 548 758 καὶ
563 691 620 776 τῆς
634 696 808 772 Διογένους
830 692 1000 768 ἀπαθείας
1020 691 1076 754 καὶ
1089 688 1320 776 τῇςΚρᾰιῃος
1342 690 1450 774 Inpu-

230 809 317 877 τείας
339 803 394 866 καὶ
420 803 477 888 τῆς
498 800 649 887 Ζήνωνος
676 805 853 888 καρτερίας,
881 796 980 874 αὐτὸς
1006 797 1211 883 {mommo
1238 799 1277 886 q'
1305 798 1450 878 πολιτείᾳ

230 911 341 995 (πόλει
364 909 475 992 vulgo)
496 910 538 973 τὰ
560 908 709 992 θεμέλια,
737 906 756 972 d
784 909 820 974 dd
842 909 1000 993 Ξενοφόν
1024 903 1156 992 ἣδιστον
1184 908 1245 990 μὲν
1270 908 1358 972 dm
1379 907 1449 990 περὶ
1500 989 1501 1004 ¹

231 1021 289 1094 τὰς
311 1015 441 1102 ὁμιλίας
463 1021 562 1102 φησὶν
585 1014 686 1082 αὐτὸν
713 1013 966 1103 ἐγκρατέστατον
986 1014 1025 1079 δὲ
1046 1019 1122 1100 περὶ
1145 1012 1263 1079 τᾶλλα.
1311 1015 1454 1098 sequitur
1500 1015 1501 1020 ’

230 1127 385 1193 librorum
418 1125 523 1192 iudex,
582 1123 615 1188 in
644 1123 696 1188 his
723 1125 828 1206 primo
856 1125 972 1190 obtutu
998 1127 1091 1204 putet
1119 1139 1140 1186 s
1166 1121 1315 1204 Diogene
1343 1123 1453 1188 inscite
1500 1139 1501 1202 g

230 1236 390 1300 intrusum
418 1250 490 1298 esse
518 1232 716 1314 epigramma
741 1231 911 1298 Athenaei
959 1229 1075 1298 deinde
1104 1230 1360 1296 contaminatam
1386 1247 1453 1294 esse
1500 1277 1501 1280 ,

230 1359 301 1407 eam
324 1360 406 1424 quae
430 1357 529 1422 supra
557 1340 702 1422 excriptu
729 1345 781 1405 est
802 1341 903 1405 vitum
931 1345 1029 1422 utque
1051 1336 1205 1403 Dioclem
1252 1335 1327 1402 laus
1349 1343 1454 1402 autem

230 1447 442 1528 Antisthenis,
464 1465 548 1530 quse
563 1453 694 1529 praeter
709 1448 813 1530 ipsius
828 1448 951 1530 scripta
965 1444 1191 1527 Xenophontis
1208 1449 1243 1510 et
1257 1443 1454 1528 Theopompi

230 1557 414 1622 testimonio
438 1554 627 1634 adstruitur,
652 1573 691 1620 ex
713 1561 787 1620 utro
811 1559 978 1620 auctorum
1000 1553 1189 1635 provenerit
1212 1553 1373 1618 incertum
1395 1558 1454 1616 est.
1500 1545 1501 1594 t

230 1665 288 1731 scd
310 1682 374 1730 non
398 1662 516 1728 desunt
539 1679 710 1745 quaecum
725 1661 777 1728 his
801 1661 1005 1740 cohaereant
1029 1659 1211 1725 sentcntiae
1226 1663 1338 1724 certue
1353 1657 1456 1723 feren-
1500 1691 1501 1696 ,

230 1773 291 1838 dae
314 1772 438 1837 idonee.
486 1771 519 1834 in
541 1767 606 1834 fine
629 1769 712 1834 sexti
734 1769 810 1836 libri
832 1789 853 1834 a
875 1769 1020 1850 Diogene
1041 1767 1222 1834 cummunis
1244 1765 1365 1849 cynicis
1387 1764 1456 1846 pla-

230 1880 295 1945 cita
326 1881 536 1960 exponuntur.
598 1877 693 1942 vulde
721 1877 887 1944 extollitur
921 1895 1030 1942 eorum
1063 1875 1227 1954 doctrine,
1263 1873 1455 1956 praesertim

229 1991 364 2069 propter
380 1985 482 2050 victus
499 1983 708 2050 sobrietatem
724 1991 758 2050 et
773 1987 929 2068 rigorem;
954 1983 1145 2050 documento
1162 1987 1239 2048 sunt
1253 1979 1456 2046 Antisthenis

230 2093 366 2175 scripte3
396 2092 558 2158 Zenonem
587 2091 630 2158 ud
663 2091 747 2158 hnnc
780 2092 925 2175 regulum
959 2091 1092 2171 vixisse,
1127 2091 1162 2156 in
1197 2089 1345 2156 doctrina
1378 2107 1456 2153 vero

229 2200 414 2265 Aristonem
438 2197 551 2264 Chium
579 2199 706 2280 cynicus
734 2203 879 2266 secutum
913 2216 994 2264 esse.
1053 2198 1214 2264 excitatur
1241 2213 1325 2261 unus
1360 2196 1454 2260 testis

228 2305 357 2372 Diocles
388 2305 429 2370 de
459 2303 732 2387 apophthegmute
762 2305 981 2385 Antisthenis,
1017 2305 1103 2387 quod
1132 2303 1313 2386 udpusuisti
1341 2321 1373 2384 p.
1399 2303 1452 2366 30.

229 2431 332 2494 neque
354 2411 482 2476 videtum
501 2411 631 2477 Diocles
654 2412 687 2476 in
711 2411 795 2478 hunc
817 2413 921 2478 locum
939 2413 1137 2478 extrinsecus
1161 2408 1285 2490 inferri,
1309 2409 1367 2476 sed
1386 2409 1454 2474 eni-

228 2517 403 2584 mudvertit
425 2517 586 2600 Diogenes
615 2535 650 2583 se
681 2519 766 2584 idem
794 2519 914 2586 dictum
943 2525 1109 2602 tanquam
1133 2518 1332 2586 Socraticum
1355 2516 1455 2598 adpu-

229 2625 332 2690 suissc
355 2623 387 2690 11
410 2627 462 2704 21,
487 2625 597 2707 itaque
621 2645 693 2692 eum
717 2633 881 2694 auctorem
904 2647 943 2693 ex
966 2647 1029 2709 qno
1053 2625 1183 2694 omnino
1209 2623 1331 2706 pendet
1353 2624 1454 2689 nomi-

229 2737 294 2796 nat.
343 2731 468 2798 cecedit
496 2734 581 2814 quod
609 2735 729 2816 placite
751 2735 912 2801 Aristonis
939 2733 1076 2799 totidem
1103 2731 1210 2798 verbis
1233 2731 1372 2796 redeunt
1395 2731 1454 2795 t'll

231 2839 303 2918 160,
337 2836 392 2904 ubi
427 2839 598 2921 vestigium
626 2841 750 2908 Dioclis
778 2842 842 2906 iam
874 2859 973 2923 snpra
1005 2839 1264 2905 monstravimus.
1316 2837 1454 2920 denique

228 2961 310 3026 quse
335 2943 375 3008 de
398 2944 485 3010 victu
510 2947 692 3028 cynicorum
716 2952 918 3030 exponuntur
941 2964 1044 3028 prope
1060 2945 1178 3010 absunt
1200 2944 1241 3008 ab
1265 2944 1322 3011 illu
1337 2944 1454 3026 Epicu·

227 3069 356 3116 reorum
378 3052 559 3132 praeconio.
606 3072 671 3118 nou
694 3073 807 3120 vereor
831 3054 949 3120 crimen
973 3052 1168 3119 temeritatis
1191 3052 1220 3116 si
1242 3051 1324 3118 hoec
1347 3051 1455 3117 omnic

228 3157 332 3224 Diocli
357 3157 491 3224 vindico.
540 3163 682 3226 cetemm
717 3161 797 3226 illud
832 3179 959 3243 quoque
988 3159 1075 3242 quod
1097 3157 1293 3239 Respublica
1315 3159 1454 3224 Zenonis

227 3265 260 3328 iu
284 3264 402 3345 cynicis
425 3262 641 3331 fundamentis
665 3271 753 3332 sture
776 3267 896 3333 dictum
920 3272 971 3334 cst
986 3285 1006 3332 u
1021 3265 1133 3332 Diocle
1157 3264 1212 3348 (de
1228 3265 1455 3331 emendatione

228 3371 312 3436 cuim
340 3388 404 3436 non
432 3370 560 3454 dubito)
589 3373 622 3438 in
650 3373 787 3440 Zenonis
814 3375 882 3440 vitu
911 3373 1012 3454 redit,
1050 3372 1264 3452 extrinsecus,
1294 3391 1314 3438 e
1341 3373 1454 3438 Diocle

228 3477 361 3559 scilicet,
386 3480 549 3544 contextui
573 3479 719 3562 inlutum,
743 3481 842 3546 vlle
864 3476 923 3563 τὴν
941 3479 1114 3544 Πολιτείαν
1137 3475 1240 3544 αὐτοῦ
1263 3475 1460 3566 roriston&

227 3607 311 3658 τινες
339 3583 451 3664 ἔλεγον
478 3585 649 3663 παίζοντες
672 3585 726 3652 lm
748 3593 804 3673 τῆς
826 3587 884 3654 τοῦ
910 3583 1005 3662 κυνὸς
1028 3585 1199 3669 (Cratetis)
1228 3580 1328 3672 οὐρᾶς
1351 3581 1456 3670 adedo

226 3688 459 3778 perpaucae).

227 3852 439 3864 ———-——

298 3955 323 4025 5)
343 3923 508 4012 Βοὶολιιὶεεο
527 3957 574 4025 qui
593 3947 695 4012 iucum'
706 3957 780 4012 hunc
799 3957 981 4026 corrigerent3
1006 3956 1055 4012 sed
1073 3971 1135 4012 cum
1156 3954 1323 4015 difficultute
1341 3960 1457 4016 euanuit

228 4045 309 4100 otium
339 4045 424 4100 iocus.
469 4045 579 4114 scripsit
597 4047 673 4100 Zeno
692 4045 910 4116 Rempublicom,
935 4061 990 4114 quc
1012 4045 1178 4114 peculiarem
1199 4046 1370 4116 disciplinam
1389 4061 1455 4104 con·

228 4132 307 4198 didit,
327 4131 477 4201 discipulus
495 4133 638 4189 etiamtum
657 4135 783 4204 Cratetis,
805 4134 921 4191 necdum
940 4133 1011 4191 liber
1028 4135 1063 4190 eh
1082 4135 1155 4191 omni
1173 4137 1271 4194 cunina
1289 4137 1454 4194 inuerecun-
