3010 4866
1251 185 1294 248 47

158 380 187 427 e.
215 360 392 427 ‘Dicendi
415 361 699 444 scribendique
722 361 801 426 arti
824 361 950 427 studuit
972 360 1112 427 indicum
1135 361 1294 444 scriptor'.

68 469 174 534 Aliter
202 469 287 534 enim
319 468 472 550 explicari
498 469 624 551 nequit,
660 469 746 550 quod
775 467 935 534 Theodori
963 466 1126 533 Gadareni
1155 467 1296 534 rhetoris

67 580 141 662 περὶ
169 583 237 642 roa
270 572 306 642 tv
341 583 467 662 φιονατς
501 574 702 661 ζητουμένων
732 575 778 642 sic
806 574 1010 641 conlaudavit
1039 574 1072 640 ll
1097 576 1158 641 103
1188 570 1226 642 οὗ
1254 573 1294 640 τὸ

67 679 278 766 φωνασκικὸν
312 684 443 785 φέρεται
480 681 607 764 βιβλίον
639 681 825 765 narrator,
862 681 947 766 quod
975 685 1144 768 χαρίεντας
1172 681 1215 766 [V
1238 681 1295 766 35]

67 789 256 854 Aristotelis
279 779 419 854 oratoris
443 788 607 855 cuiusdam
630 789 830 870 praedicavit
853 786 966 868 λόγους
990 787 1186 870 δικανικούς
1210 790 1296 873 quod

66 895 155 962 Zeno
177 896 320 962 medicus
342 893 558 978 Herophileus
582 896 613 961 ei
636 895 728 962 audit
750 901 866 982 νοῆσαι
885 893 979 979 μὲνε
968 894 1088 977 ιιιανός,
1111 893 1297 982 resume

65 1004 190 1077 ἄτονος
212 999 286 1087 [VII
300 1002 367 1088 35]
397 1003 483 1068 alter
504 1002 634 1086 quidem
658 1001 731 1086 [ib.]
754 1003 869 1087 νοῆσαι
891 1007 945 1066 και
967 999 1158 1089 ἑρμηνεῦσαι
1179 1000 1295 1088 σαφής,

65 1109 254 1176 Demetrius
287 1109 462 1192 Byzantius
496 1109 610 1192 peripa
610 1109 728 1176 teticus
760 1107 804 1192 [V
832 1109 888 1194 83]
927 1107 1035 1195 σαφὴς
1068 1105 1299 1196 διηγήσασθαι

65 1215 187 1282 Thales
210 1211 347 1298 denique
370 1214 444 1282 rhet
430 1222 482 1282 tor
506 1215 621 1282 Callet·
597 1221 704 1282 tronus
728 1215 838 1300 [138]
861 1237 940 1280 ναιο
934 1214 1042 1301 lator.

156 1321 177 1388 ι.
205 1321 345 1389 ‘Studuit
361 1323 460 1388 etiam
482 1328 574 1405 poet
579 1341 685 1388 arum
708 1323 837 1405 ingenio
860 1322 1052 1389 iudicando’.
1092 1323 1297 1390 Democritus

64 1429 125 1514 [IX
141 1429 201 1516 49]
226 1435 260 1496 et
274 1430 464 1498 Heraclides
480 1430 523 1514 [V
541 1430 597 1515 93]
614 1429 890 1512 epigrammatarii
905 1429 1017 1495 vident
1003 1433 1057 1495 tur
1073 1430 1102 1495 ei
1118 1430 1175 1495 ille
1190 1430 1296 1533 σαφὴς

64 1541 119 1600 ναι
144 1532 306 1622 ἀνθηρός,
333 1537 386 1603 hic
408 1535 547 1622 λιγυρός.
594 1537 643 1602 Er
671 1537 822 1620 elegiacis
847 1536 1030 1603 Carneades
1052 1535 1112 1622 [IV
1135 1539 1190 1623 66]
1213 1539 1296 1605 vitu·

63 1648 202 1724 peretur
224 1640 362 1729 ψυχρός,
392 1641 469 1709 ob'
460 1644 582 1724 ingenii
605 1641 828 1711 infelicitatem
851 1643 1049 1710 Xenocrates
1072 1644 1202 1728 quidam
1225 1642 1296 1728 [oda

64 1747 220 1835 ἐπιτυχής
231 1750 277 1815 IV
289 1749 353 1835 15].
373 1749 642 1832 Iambographum
650 1748 849 1817 Demetrium
861 1748 966 1836 [vot]
977 1747 1103 1837 πικρόν,
1115 1750 1296 1816 Heraclidis

65 1857 208 1941 denique
224 1856 365 1923 Leschas
381 1875 445 1922 nou
461 1857 530 1922 sine
545 1857 627 1923 recti
643 1873 739 1924 sensu
763 1857 945 1945 ‘piaretur’
971 1875 1030 1940 per
1043 1857 1180 1922 ironiam
1204 1857 1293 1923 dixit.

156 1983 186 2046 g.
214 1963 356 2030 ‘Studuit
375 1981 473 2046 porro
493 1963 709 2031 historicis'
733 1966 761 2031 si
783 1962 913 2049 quidem
927 1963 1174 2047 Xenophontem
1197 1983 1296 2047 quen·

65 2071 140 2136 dem
164 2069 207 2136 oh
229 2068 412 2136 tabularum
434 2069 718 2154 prodigiorumque
734 2072 950 2155 captationem
972 2077 1010 2138 ut
1032 2067 1181 2158 ‘putrida
1202 2093 1296 2159 τερα-

64 2176 213 2244 arvina
235 2194 327 2243 more
349 2175 525 2260 Polyhieno
548 2178 748 2260 perstrinxit.

155 2283 188 2348 h.
213 2282 275 2348 ‘Ad
307 2283 506 2349 reconditam
545 2283 705 2367 quandam
742 2283 1025 2368 polymathiam
1062 2283 1296 2367 quammaxime

63 2387 252 2456 inclmarit’.
285 2389 368 2456 Nam
384 2409 455 2456 cum
469 2390 671 2469 Demetrium
684 2391 849 2474 Scepsium
864 2389 908 2476 [V
924 2390 981 2476 84]
995 2389 1102 2476 ἄκρως
1117 2387 1296 2475 φιλόλογον

64 2496 311 2563 conlaudarerit
332 2496 419 2562 haud
441 2497 490 2563 ita
513 2497 671 2564 celebrem
695 2499 848 2582 antiquis,
873 2497 1074 2564 demonstret
1096 2514 1131 2562 se
1150 2493 1296 2582 Τρωϊκὸν

62 2601 254 2687 διάκοσμον,
278 2604 330 2670 cari
353 2603 414 2670 soli
435 2602 554 2670 famam
570 2604 720 2688 Scepsius
736 2603 884 2685 debebat
907 2621 972 2670 non
988 2604 1092 2670 solum
1107 2604 1295 2686 cognovisse

62 2729 176 2776 ιοιιιιιι
192 2709 400 2776 vehementer
415 2710 622 2792 adprobasse.
654 2711 699 2776 Et
713 2710 775 2777 hoc
789 2711 918 2795 quidem
934 2710 974 2776 de
985 2710 1150 2778 Demetrio
1164 2709 1295 2792 Scepsio

62 2816 219 2882 iudicium
234 2816 351 2882 summi
366 2821 418 2884 cst
431 2817 598 2884 momenti!
639 2818 768 2886 Etenim
784 2823 857 2884 eret
872 2818 1021 2902 Scepsius
1037 2835 1145 2884 rerum
1168 2815 1295 2882 abstra-
1422 2869 1427 2878 .

62 2924 267 2990 sissimarum
290 2924 426 2992 scientia
448 2923 541 2990 unice
563 2925 730 3006 praeditus
752 2944 828 2992 vere
850 2944 945 3008 quem
967 2930 1083 2992 vocent
1105 2923 1293 3008 polyhistor.

157 3031 178 3096 i.
203 3031 305 3098 ‘Vixit
319 3031 406 3096 intra
421 3048 522 3098 anuos
539 3048 565 3098 c.
581 3032 623 3096 60
634 3035 696 3098 etc.
713 3034 776 3100 160
787 3051 819 3114 p.
834 3031 907 3099 Chr.
924 3031 966 3098 n.’
1000 3031 1168 3098 Seleucum
1177 3030 1295 3096 Home·

63 3137 170 3203 ricum
192 3142 227 3203 et
250 3136 454 3203 Thmdorum
476 3135 634 3203 medicum
657 3138 743 3221 quod
766 3143 949 3204 antestatur
971 3143 1047 3220 post
1069 3155 1187 3203 anuum
1208 3155 1233 3203 c.
1252 3137 1295 3202 50

63 3243 259 3323 remittitur3
274 3261 314 3310 ex
324 3243 507 3310 novissimis
519 3243 553 3310 in
564 3243 640 3310 vitis
652 3244 980 3327 Laertianis'praoter
991 3245 1155 3328 Sceptioos
1167 3243 1294 3309 invenio

64 3349 277 3418 Plutarchum
294 3349 507 3434 Phlegoutem
523 3349 675 3417 Sabinum
690 3351 874 3434 Epictetum
889 3351 1027 3435 denique
1041 3347 1293 3437 Favorinum⁴⁶).

65 3454 148 3522 Rem
164 3455 294 3524 conticit
310 3455 426 3540 Apulei
449 3456 490 3541 [c.
510 3456 588 3542 170]
612 3463 781 3524 acunotus
796 3459 836 3525 de
851 3459 998 3524 Platonis
1020 3457 1088 3524 uita
1111 3475 1293 3523 consensus.

156 3561 247 3630 Hace
268 3581 384 3630 novem
407 3582 448 3630 ox
469 3563 549 3648 ipsis
573 3565 729 3648 catalogis
752 3570 867 3650 patent
888 3565 957 3632 veri
985 3565 1189 3631 documenta:
1213 3581 1297 3632 nora

68 3669 268 3738 extrinsecus
292 3671 486 3740 accersenda
508 3675 593 3738 sunt

141 3845 180 3918 4ὅ)
196 3847 290 3904 Etiam
308 3845 459 3904 Numenius
477 3847 518 3903 IX
537 3851 571 3906 68
596 3847 638 3920 [in
661 3847 813 3919 Pyrrhonis
831 3847 901 3919 rita]
926 3847 1040 3904 citatur:
1059 3845 1114 3921 μόν
1115 3847 1192 3908 orat
1213 3855 1296 3902 Νοο-

68 3935 148 4006 μινι
152 3957 246 3998 orac
226 3939 446 4009 amparem
434 3941 551 4024 ιφφολν
574 3938 678 4008 aista,
696 3944 725 3994 at
752 3953 808 3994 nou
829 3935 1043 4008 Neoplatonicus
1070 3937 1119 3993 sed
1145 3935 1296 4007 Pyrrhonis

67 4023 174 4082 mede
190 4025 295 4097 [Zeller
313 4024 368 4082 1v2
385 4026 506 4098 aaut·
519 4027 698 4083 Plutarchum
715 4041 770 4083 uon
788 4027 847 4098 ipse
865 4027 932 4097 legit
947 4026 1076 4084 Laertius
1094 4025 1141 4096 [ct.
1153 4025 1215 4082 adn.
1231 4029 1295 4098 141]

68 4127 160 4184 neque
179 4113 312 4172 Sabinum
333 4113 380 4185 [cl.
397 4131 425 4187 p.
444 4115 499 4189 14].
