3010 4866
1238 231 1278 294 19

58 411 199 476 Eundem
215 409 361 476 Dioclem
377 410 475 474 etiam
499 410 531 475 in
548 410 636 476 exitu
655 410 767 493 tetigit
789 409 991 495 [anthologia
1011 427 1128 493 graeca
1152 409 1200 474 ed.
1226 409 1280 476 Ja-

60 519 130 584 cobs
154 518 171 584 1
194 537 226 599 p.
243 519 287 583 40
306 545 349 572 =
366 515 428 582 XII
452 519 526 598 257,
551 517 603 602 4]:

99 625 186 710 φαμλ
196 624 278 709 [scil.
291 621 372 709 ἢύεῆ
383 625 528 710 κορωνές]
538 627 596 690 τὸν
605 625 639 689 λιι
651 623 784 691 πάντων
795 621 1016 711 ἠθροισμένον
1024 627 1070 701 εἰς
1081 629 1140 690 ένα
1148 623 1282 709 μόχθον

142 730 336 814 &procace
359 730 460 818 βίβλῳ
483 732 555 814 τᾷδ’
582 731 813 815 ένελιξοὶμενον

98 837 262 903 ἐκτελέσαι
286 839 495 922 Μελέαγρον,
519 835 761 921 ύελμναοσον
783 839 823 904 δὲ
846 839 1009 907 Διοιιλοτ

144 943 264 1011 ἄνθεσι
287 945 469 1030 συμπλέξαι
492 944 700 1028 μονσύπολον
723 949 896 1032 στέφανον.

143 1053 240 1119 Hunc
255 1053 400 1120 Dioclem
424 1054 475 1119 cui
491 1053 655 1135 Meleager
677 1053 794 1120 librum
818 1072 911 1120 suum
934 1053 1094 1119 dedicavit
1117 1071 1137 1118 a
1160 1069 1284 1118 succes-

63 1162 182 1226 sionum
216 1161 376 1243 scriptore
406 1161 580 1226 Laertiano
612 1180 676 1226 non
706 1161 868 1226 diversum
901 1179 972 1228 esse
1000 1161 1094 1227 docet
1121 1160 1189 1225 vita
1216 1159 1284 1224 Me·

64 1269 158 1350 nippi,
183 1268 301 1334 docent
316 1267 438 1333 Dioclis
454 1268 620 1334 Laertiani
636 1273 763 1350 tempus
779 1287 878 1350 supra
894 1267 1061 1334 definitum
1078 1273 1112 1334 et
1127 1267 1285 1348 Meleagri

64 1393 128 1439 cum
144 1375 344 1458 prooemium
360 1376 584 1458 epilogumque
608 1375 766 1442 scriberet
789 1372 997 1459 senectus¹⁴).
1038 1375 1113 1442 Sine
1137 1375 1204 1440 ulla
1227 1374 1285 1440 du-

64 1481 215 1548 bitatione
244 1481 374 1548 Diocles
398 1484 610 1548 c.100-c.
635 1485 679 1548 40
702 1501 730 1547 a.
757 1481 831 1549 (ihr.
855 1501 885 1548 n.
918 1483 1014 1563 uixit,
1040 1501 1110 1549 cum
1135 1482 1285 1564 ‘philoso-

65 1587 194 1668 phorum
212 1587 514 1674 percursionem‘¹⁶)
539 1589 659 1672 ederet,
684 1595 793 1656 aetate
807 1591 998 1673 provectior,
1021 1590 1178 1673 siquidem
1195 1590 1285 1656 Posi·

67 1693 148 1761 donli
170 1697 294 1778 scripta
316 1697 407 1762 novit
429 1695 608 1762 dialectica.

149 1804 304 1882 Quoniam
329 1805 431 1870 amori
454 1816 627 1886 puerormn
650 1804 814 1887 Meleager
837 1809 909 1870 erat
931 1803 1075 1884 deditae,
1100 1802 1244 1868 Dioclem
1268 1821 1286 1868 e

68 1911 168 1989 pneris
183 1911 236 1976 vix
252 1929 427 1993 egressum,
452 1911 570 1994 quippe
586 1912 637 1977 cui
654 1911 772 1976 librum
794 1911 952 1976 παιδικὸν
969 1897 1073 1996 ἔρωια
1095 1927 1286 1991 unaquaque

68 2017 188 2098 pagella
204 2019 381 2100 spirantem
398 2037 523 2084 sacrum
540 2018 638 2084 vellet
653 2037 735 2100 esse,
753 2019 783 2084 ei
799 2019 832 2084 in
849 2017 972 2084 deliciis
988 2017 1087 2083 fuisse
1100 2021 1215 2099 sponte
1230 2033 1287 2082 na·

70 2124 161 2188 scitur
175 2125 326 2207 suspicio.
363 2125 561 2208 Quamquam
573 2125 674 2208 probo
687 2127 773 2208 quod
785 2131 1020 2208 perspexerunt
1035 2123 1091 2190 alii
1104 2143 1174 2189 cum
1187 2141 1287 2206 puero

71 2227 173 2296 Diocle
195 2231 341 2298 Dioclem
365 2231 588 2314 Megarenscm
617 2232 719 2298 amori
748 2251 920 2313 puerorum
947 2231 1129 2314 praesidem
1157 2230 1288 2312 egregio

71 2337 190 2404 artificii
209 2339 283 2406 lusu
305 2338 464 2406 conlundi.
507 2339 611 2418 Quid?
635 2338 720 2422 quod
740 2339 826 2404 inter
849 2338 995 2404 initiatos
1019 2337 1175 2404 amasium
1196 2356 1289 2402 suum

71 2453 210 2513 numerat
228 2446 402 2529 Meleager,
426 2451 463 2512 ut
486 2463 545 2529 par
569 2451 628 2527 est,
653 2447 687 2511 in
710 2447 867 2528 prooemii
890 2445 931 2512 ad
955 2464 1027 2512 eum
1051 2445 1164 2528 scripti
1186 2443 1264 2510 fine:

173 2549 275 2618 ‘data
300 2553 407 2640 φίλοις
428 2556 488 2639 μέν
511 2555 635 2636 ἐμοῖσιν
658 2557 744 2639 φέρω
767 2551 872 2640 χάριν,
897 2551 965 2618 duel
987 2553 1023 2617 δὲ
1045 2549 1179 2636 μύσταις

217 2655 323 2734 κοινύς
345 2657 364 2724 d
387 2659 452 2725 τῶν
473 2661 601 2744 μουσῶν
623 2657 761 2745 ἡδυεπὴς
785 2659 969 2744 σιέμανος’.

152 2767 193 2832 Et
215 2765 374 2849 Meleagri
397 2767 593 2832 consuetudo
609 2765 753 2832 Dioclem
777 2765 1050 2832 adolescentulum
1073 2765 1107 2830 in
1124 2763 1168 2831 Co
1185 2763 1291 2830 insula

72 2908 112 2918 —
138 2873 273 2941 fortasse
302 2874 481 2940 studiorum
511 2893 608 2941 eausa
630 2910 675 2921 -
702 2879 865 2940 versatum
894 2891 965 2938 esse
994 2873 1207 2938 demonstrat:
1244 2871 1290 2936 ibi

73 2980 151 3044 enirn
171 2980 336 3064 Meleager
358 2999 457 3048 senex
479 2981 659 3064 pangendis
682 2980 828 3047 versibus
852 2975 1091 3063 conquievit¹⁶).

143 3137 175 3209 ¹⁴]
192 3141 278 3196 Anth.
298 3154 338 3209 gr.
357 3137 371 3192 1
388 3156 415 3210 p.
434 3141 469 3196 39
483 3137 584 3194 =v11
602 3141 664 3208 41⁷,
683 3143 714 3196 4:

222 3233 362 3296 ποολνέτης
381 3231 407 3284 δ’
426 3229 540 3302 λχολραξιι
557 3225 617 3283 τύδ’
636 3231 665 3282 λν
683 3229 797 3282 altram
815 3227 867 3298 πρὸ
887 3227 989 3300 τύμβον

276 3313 365 3387 γήρως
383 3315 437 3387 γὰρ
457 3321 552 3386 γείτων
570 3311 711 3386 κύγγύθιν
730 3309 833 3368 Midam·

224 3397 291 3454 ἀλλά
309 3420 345 3473 με
363 3399 409 3454 τὸν
427 3399 522 3454 λύλιον
539 3399 585 3452 aui
602 3395 752 3468 πρισβύιιιν
770 3395 803 3452 ού
821 3398 974 3469 προσειπιύν

275 3488 382 3555 χαίρειν
401 3487 438 3544 εἷς
457 3484 541 3555 γῆρας
559 3479 655 3542 audrie
674 3485 742 3535 ἵκοιο
762 3480 848 3537 λα’λον.
1169 3527 1174 3542 ,

143 3567 177 3638 ¹⁵]
193 3571 252 3640 Quo
270 3572 299 3625 in
317 3571 388 3627 libro
407 3587 470 3627 cum
489 3571 612 3642 Menippi
632 3569 731 3626 Satiris
749 3569 882 3640 Meleagri
907 3569 1077 3640 comparavit
1095 3575 1222 3638 poemata
1241 3568 1297 3636 [cfr

79 3651 207 3710 laertium
226 3657 244 3710 l.
264 3657 312 3725 c.]‚
331 3657 423 3712 nescio
442 3673 475 3710 an
495 3657 581 3726 ipsius
594 3655 727 3725 Meleagri
740 3655 889 3724 respiciens
901 3663 1005 3710 certum
1018 3653 1155 3724 quoddam
1173 3669 1292 3723 carmen,

78 3738 148 3792 anth.
166 3757 201 3808 gr.
219 3739 232 3794 I
249 3758 274 3810 p.
296 3743 331 3798 38
345 3765 378 3786 =
391 3739 444 3796 Vll
463 3743 525 3808 419,
544 3743 573 3797 5:

225 3826 370 3896 Εύιιρύιιοι
389 3827 416 3880 d'
436 3829 562 3896 ἔβλαστον
580 3823 594 3880 d
613 3825 663 3880 σύν
682 3824 805 3886 Μούσαις
824 3827 978 3896 Μελέαγρος

278 3912 372 3982 πρῶτα
391 3916 568 3972 mercantias
586 3907 768 3980 σοντροχιλσος
781 3908 903 3984 χάρισιν.

145 3991 180 4058 ¹⁸)
195 3993 277 4049 dnm.
295 4011 335 4066 gr.
355 3995 411 4064 lp.
431 3995 659 4062 38=V1141a
678 3996 707 4050 5:

227 4077 259 4132 ‘dv
278 4081 471 4151 [Meleagrum]
490 4081 602 4140 θεόπαις
621 4079 739 4150 ἦνιλριοσε
760 4078 846 4149 Τύρος
866 4079 995 4147 Μύρων
1014 4075 1042 4130 θ’
1062 4074 1120 4146 λερά
1135 4073 1223 4147 χθών,

282 4168 343 4226 Κῶς
362 4163 390 4216 ‹5’
410 4166 485 4233 λριιιῆ
505 4161 640 4236 Μερόπων
658 4167 774 4234 πρέσβυν
792 4160 965 4234 έγηροιρὸφιι

1083 4250 1116 4302 2*
