3010 4866
1231 237 1272 301 73

68 415 132 499 Bp.
149 417 178 498 8,
201 420 220 483 9
245 437 315 503 sqq.
348 418 521 484 ‘invenisse
544 416 712 482 Platonem
735 421 771 480 et
793 416 891 482 verha
914 422 948 481 et
970 433 1023 482 res
1044 423 1078 481 et
1092 416 1275 482 litterarum

211 543 339 608 genera,
363 525 452 592 velut
474 524 574 592 verba
596 520 773 608 ποιότητος,
802 519 1009 608 άντιπόδιον,
1033 520 1151 608 μήκους
1177 518 1275 608 niped-

209 635 287 714 μοῦ;
311 651 412 714 genus
435 633 617 698 litterarum
640 632 677 694 το
701 627 898 711 διαλογιιόν
924 635 984 696 ete.
998 667 1039 678 -
1052 631 1161 696 Pauca
1175 630 1275 711 serip-

211 740 254 804 sit
268 739 376 805 Laert.
395 737 552 828 [pendens
575 737 802 804 aFavorini
825 757 853 802 ο.
878 734 936 824 h.],
960 737 1054 820 Apul.
1080 737 1169 802 nihil.
1187 737 1275 815 Quae

215 846 255 911 de
284 845 404 930 dialogi
433 847 617 913 inventione
645 850 816 928 praeterea
839 863 868 926 p.
887 846 918 926 9,
939 844 978 909 18
1003 843 1132 910 exhibet
1156 846 1194 908 ‘el
1216 842 1277 930 γάρ

211 977 257 1028 τις
278 955 366 1018 εἴποι
389 951 437 1018 ότι
460 953 515 1017 καλ
538 951 651 1038 Ζήνων
674 953 736 1039 πρό
762 947 863 1018 αὐτοῦ
885 947 1060 1034 διαλόγους
1077 953 1201 1039 ἔγραψε
1223 953 1277 1016 καλ

217 1061 429 1146 Παρμενίδης,
464 1060 598 1146 ἐροῦμεν
626 1057 676 1124 ότι
706 1053 799 1134 οὗτος
826 1058 968 1143 μάλιστα
997 1054 1082 1144 αὐτῷ
1109 1057 1274 1144 ἐχρήσατό

216 1185 325 1234 eorum
349 1167 510 1251 particula
532 1167 617 1233 redit
640 1166 726 1249 apud
749 1167 856 1231 Laert.
883 1166 924 1230 32
949 1167 981 1230 in
1005 1167 1098 1232 initio
1122 1167 1277 1232 librorum

213 1275 328 1340 indicis
364 1273 548 1353 *διαλόγους
575 1277 685 1339 τοίνυν
712 1273 794 1356 φασὶ
823 1275 951 1358 πρῶτον
980 1273 1111 1360 γράψαι
1140 1275 1278 1359 Ζήνωνα

213 1378 269 1446 τόν
285 1377 441 1468 Ἐλέατην
458 1433 465 1446 .
480 1433 487 1447 .
505 1381 526 1446 δ
531 1393 615 1446 orat
634 1381 656 1446 δ
662 1384 679 1444 ό
700 1403 767 1464 μοι
786 1379 924 1446 Πλάτων
945 1376 1125 1466 ἀκριβώσας
1141 1379 1178 1445 τὸ
1194 1381 1279 1456 aldor

214 1489 269 1551 rol
291 1489 331 1554 τά
357 1497 499 1576 πρωτεῖα
521 1487 653 1564 δικαίοις
681 1488 725 1552 δν
748 1485 852 1575 ὥοπερ
875 1489 933 1552 τοῦ
956 1487 1095 1562 κάλλους
1119 1485 1201 1554 οὕτω
1224 1488 1279 1551 aul

212 1597 267 1680 τῆς
290 1591 444 1681 eriperem
467 1592 719 1680 dmorpdpaodm’.
743 1632 787 1643 -
811 1595 899 1662 Nihil
924 1595 1018 1678 Apul.

72 1715 98 1778 p.
121 1701 149 1780 9,
171 1703 212 1768 20
235 1721 303 1785 sqq.
332 1702 516 1786 ‘Octoginta
543 1721 640 1768 unum
670 1721 771 1768 annos
797 1709 908 1768 natum
932 1701 978 1767 Pl.
1010 1703 1207 1768 decessisse’.
1232 1741 1278 1750 -

214 1809 321 1874 Laert.
346 1807 411 1875 111¹
437 1807 490 1898 [ex
513 1806 714 1897 Hermippo}
750 1810 844 1892 Apul.
869 1829 932 1874 non
955 1810 1043 1874 item.

148 1913 315 1999 Porphyrii
339 1921 373 1982 et
388 1917 510 1982 haertii
536 1914 585 2004 [et
600 1913 729 2003 Apulei]
755 1935 929 1984 consensus
953 1935 991 1982 er
1014 1917 1111 1982 fontis
1133 1917 1276 1982 eiusdem

72 2037 122 2084 usu
143 2023 348 2105 explicandus
377 2029 435 2090 est.
484 2025 521 2090 Id
548 2024 635 2107 qnod
662 2023 713 2089 vel
740 2043 804 2088 uno
828 2025 973 2107 exemplo
1008 2023 1165 2107 probatur
1191 2023 1277 2105 quod

71 2125 143 2192 rinei
171 2136 318 2214 nequeat.
366 2131 564 2214 Porphyrius
592 2132 676 2196 enim
705 2131 872 2198 Platonem
901 2132 1088 2198 solemniter
1116 2131 1276 2214 sepultum

71 2237 99 2298 et
119 2234 174 2302 hoo
195 2239 428 2321 epigrammate
451 2237 642 2304 honoratum
666 2256 738 2304 esse
762 2237 912 2304 tradidit:

190 2346 273 2419 ιτούς
295 2340 347 2410 δύ’
363 2341 533 2410 Ἀπόλλων
555 2343 628 2430 odd
642 2343 836 2432 Ἀσκληπιὸν
862 2343 919 2432 dds
944 2345 1106 2412 Πλάτωνα

191 2455 250 2518 τόν
271 2451 334 2536 μὲν
355 2457 411 2517 ἵνα
433 2451 549 2540 ψυχήν,
573 2451 631 2518 τδν
653 2453 681 2517 δ
705 2460 760 2520 ἵνα
784 2455 875 2538 σῶμα
898 2455 992 2519 oaol'.

149 2557 236 2637 Quod
260 2577 331 2624 enm
354 2577 458 2642 neque
480 2560 512 2624 in
528 2560 672 2643 Diogene
695 2561 877 2626 inveniatur
899 2579 1003 2644 neque
1026 2563 1058 2626 in
1075 2559 1220 2642 Apuleio,
1238 2557 1278 2621 ah

70 2662 118 2730 illo
129 2667 287 2749 acoepisse
300 2686 363 2734 non
375 2671 493 2749 potest.
526 2667 673 2733 Sederat
689 2667 721 2732 in
735 2669 892 2734 communi
904 2668 1093 2751 biographo,
1111 2667 1138 2732 si
1150 2664 1279 2748 quidem

70 2769 117 2837 illo
129 2773 168 2839 ad
179 2791 254 2840 snos
266 2773 442 2839 versiculos
454 2773 699 2840 consaroiendos
712 2774 861 2840 Laertius
877 2775 996 2842 abusus
1013 2781 1072 2841 est.
1104 2772 1279 2856 Egregium

69 2877 132 2944 aide
153 2899 300 2947 versuum
324 2881 565 2964 pangendorum
588 2880 754 2962 artificem,
778 2887 891 2964 utpote
915 2883 969 2965 qui
993 2899 1094 2964 paene
1118 2881 1279 2962 integrum

70 2987 256 3068 epigramma
279 2987 522 3054 Atheniensium
545 2989 577 3052 in
601 3005 660 3054 sua
682 2989 843 3071 receperit
866 2989 1111 3071 epigrammata:

107 3093 215 3161 11130
238 3095 304 3158 δοτλ
326 3096 381 3158 καλ
402 3093 555 3180 ἡμέτερον
576 3097 620 3170 εἰς
643 3089 758 3160 αὐτόν·

148 3201 302 3282 καὶπῶς,
331 3204 361 3266 el
381 3199 425 3286 μὴ
450 3205 571 3286 Φοῖβος
593 3197 645 3266 δυ’
665 3199 811 3266 Ἑλλάδα
835 3204 919 3289 φῦσε
939 3198 1112 3282 Πλάτωνα,

194 3311 302 3396 ψυχάς
325 3303 515 3395 άνθριόπιον
537 3306 720 3396 γράμμασιν
735 3305 883 3392 dathum

150 3417 203 3479 rol
226 3413 290 3501 γὰρ
313 3413 331 3480 ό
353 3415 449 3482 τοῦδε
471 3414 568 3495 γεγὼς
584 3411 775 3499 ’Λσιλὴιτιάς
799 3413 882 3478 dorso
905 3413 994 3502 ἰητηρ

194 3523 353 3607 αάματος,
377 3521 419 3598 ὥς
442 3524 546 3610 ψυχῆς
569 3517 759 3587 ἀθανάτοιο
785 3518 932 3588 Πλάτων.

238 3629 293 3693 καὶ
318 3629 401 3695 ἄλλο
425 3628 467 3704 ὥς
488 3627 654 3694 ἐτελεύτα·

152 3739 270 3819 Φοῖβος
293 3735 392 3821 ἔφυσε
414 3740 540 3823 βροτοῖς
557 3734 751 3824 Ἀσκλήπιον
773 3732 832 3821 ᾗδὲ
857 3734 1022 3802 Πλάτωνα

195 3841 336 3931 τὸνμὲν
359 3851 415 3909 ἵνα
438 3840 546 3930 ψυχὴν
568 3841 624 3908 τόν
647 3843 677 3908 δ’
703 3849 758 3908 ἵνα
781 3849 872 3928 σῶμα
896 3855 986 3908 duat·

75 3999 273 4071 olympiodorus
302 4002 337 4057 de
367 4001 513 4057 itineribus
542 4001 665 4056 Platonis
694 4008 805 4070 praeter
833 4001 1016 4072 Porphyrium
1047 4000 1190 4070 usurparit
1218 3997 1283 4052 Pln-

75 4091 154 4146 tarchi
166 4090 280 4147 Dionem
301 4089 349 4160 [ol.
362 4090 525 4160 epimetrnm
537 4089 588 4161 11].
616 4089 745 4145 Getarum
763 4091 848 4146 schol.
861 4091 889 4146 in
907 4091 1023 4145 Aristot.
1042 4105 1069 4159 p.
1088 4089 1155 4144 335·
1170 4091 1203 4144 ll
1224 4103 1284 4156 sqq.

76 4177 174 4234 ridetur
191 4179 407 4250 Porphyrianum
429 4177 476 4250 [de
495 4179 682 4248 Annicerida}
