3010 4866
1232 213 1273 274 77

188 379 314 434 Laertius
333 379 373 432 Ill
392 381 426 436 56
446 395 505 448 sqq.
666 379 670 466 l
703 381 819 434 Albinus
829 397 854 450 p.
869 382 953 450 lesa
973 379 1267 452 [Fraud.p.258sqq.]

73 496 166 574 λογίας
193 495 258 582 ἥτις
285 499 351 562 ἐστὶ
379 496 487 584 πρῶτη
516 496 638 582 ἡγεῖται
693 499 755 562 atat
772 496 1082 585 Δερκυλλίδης”)
1106 500 1161 564 καί
1178 497 1280 584 Θρά-

73 598 241 690 Ελδάφρων
314 602 458 690 δεύτερος
474 600 638 683 ἀπολογία
693 605 819 680 σολος.

71 710 251 794 Σωκράτους,
274 717 377 798 τρίτος
405 714 574 796 Κρίτων..
592 717 639 776 τί·

70 839 167 902 ταρτος
179 821 314 885 Φαίδων
326 874 333 886 .
345 871 352 886 .
365 871 372 885 .
384 871 391 884 .
405 823 446 884 57
465 819 590 885 δοκοῦσι
602 821 641 884 δέ
697 822 769 900 149,
790 821 828 884 13
859 822 1053 908 παραδεῖξαι
1080 819 1143 905 γάρ
1170 819 1279 902 βούλε-

69 945 114 1002 μοι
125 925 307 1011 προσώποις
323 929 379 989 καὶ
395 931 477 1010 βίων
492 925 639 1012 περιστά-
694 951 748 990 ται
772 924 886 1002 ὁποῖος
909 925 954 991 άν
968 930 1018 1013 εἴη
1034 925 1051 992 ὁ
1070 931 1126 994 τοῦ
1149 926 1279 1010 φιλοσό-

70 1025 347 1119 σεσινῆθεληκέναι
360 1031 636 1112 τάξινέπιθείναι.
695 1054 760 1115 φου
783 1037 859 1116 βίος.

145 1189 255 1254 Alieno
270 1189 388 1254 iudicio
405 1189 460 1253 isti
478 1191 608 1272 sapiunt
623 1189 796 1272 magistelli
814 1188 866 1273 [ol.
882 1209 912 1272 p.
927 1191 970 1252 44
986 1189 1043 1273 υ.].
1080 1191 1199 1269 Quodsi
1216 1191 1281 1255 alia

70 1293 176 1360 laertii
206 1303 240 1361 et
268 1297 375 1361 Albini
407 1304 599 1378 congruunt,
630 1298 742 1362 subest
770 1296 961 1360 Laertianns
989 1296 1043 1360 ille
1072 1297 1278 1379 biographus,

72 1399 173 1468 Subest
197 1405 298 1486 igitur
327 1409 360 1468 et
388 1405 420 1468 in
447 1405 575 1486 ‘dialogi
605 1403 792 1469 definitione
823 1403 974 1484 generali
1007 1401 1128 1486 [Laert.
1154 1405 1201 1468 III
1225 1407 1278 1485 48,

71 1509 188 1576 Albinus
217 1531 247 1594 p.
282 1513 354 1591 147,
388 1511 441 1596 18]
472 1517 505 1576 et
534 1513 576 1576 ‘in
606 1511 776 1594 generibus
800 1511 919 1591 dialogi
949 1510 1116 1575 Platonici’
1155 1511 1276 1595 [Laert.

70 1615 107 1680 lIl
128 1621 266 1697 49-51,
293 1618 362 1682 Alb.
391 1621 464 1698 146,
490 1617 557 1706 24],
583 1621 720 1702 denique
744 1620 777 1683 in
801 1620 851 1698 iia,
876 1636 958 1700 quae
983 1617 1023 1682 da
1051 1619 1154 1684 ‘initio
1178 1619 1279 1701 serip-

70 1723 153 1788 tionis
175 1725 371 1789 Platonicae’
397 1725 547 1791 Laertius
571 1726 627 1804 ΠΙ,
654 1729 695 1791 62
720 1732 753 1791 et
776 1725 910 1791 Albinus
934 1745 964 1806 p.
989 1727 1061 1806 149,
1090 1728 1104 1789 1
1131 1743 1199 1807 sqq.
1225 1743 1278 1790 ex-

70 1835 189 1907 ponunt:
207 1850 290 1914 quae
307 1831 435 1914 quidem
453 1834 559 1897 omnia
583 1853 621 1898 ex
646 1839 818 1915 conspectu
833 1834 1027 1898 incertorum
1044 1831 1156 1916 [supra
1171 1851 1202 1914 p.
1222 1831 1277 1917 67]

70 1953 139 2000 nune
160 1937 359 2002 excludenda
383 1945 465 2004 sunt.

454 2206 485 2262 d.
508 2207 553 2262 llo
573 2205 674 2264 Gellio
693 2208 725 2262 ut
744 2206 882 2262 Laertio.

146 2348 294 2414 Laertius
318 2368 388 2414 oum
412 2355 515 2414 totum
539 2349 578 2414 de
595 2350 739 2414 Platonis
763 2350 982 2414 malivolentia
1004 2349 1110 2414 locum
1134 2355 1277 2430 pertrac-

70 2455 157 2534 taret‚
181 2476 249 2521 cum
281 2455 362 2521 alios
385 2458 503 2522 multos
534 2458 621 2530 velut
646 2457 805 2522 Molonem
830 2457 1052 2522 antisthenem
1076 2456 1276 2539 Aristippum

71 2557 219 2628 Socratem
252 2571 321 2629 tum
357 2564 601 2646 Xenophontem
626 2567 711 2630 inter
735 2566 802 2629 eius
826 2565 972 2629 inimicos
995 2565 1187 2630 numeravit.
1235 2564 1278 2629 Et

71 2665 185 2734 dehoc
215 2670 344 2752 quidam
374 2671 420 2734 ita
448 2671 579 2736 disserit
602 2673 648 2736 lll
672 2673 729 2737 34:

146 2775 223 2840 ἔοικε
245 2777 292 2840 ’δὲ
322 2777 376 2839 καί
400 2781 555 2861 Ξενοφῶν
584 2778 662 2864 πρὸς
685 2777 787 2845 αὐτὸν
810 2779 894 2860 ἔχειν
917 2775 975 2843 οὒκ
998 2774 1155 2862 εὐμενῶς·

134 2899 156 2962 l.
180 2899 286 2986 ὥσπερ
308 2908 387 2982 γοῦν
414 2901 724 2982 διαφιλονεικοῦντες
751 2901 792 2967 τὰ
821 2899 918 2986 ὅμοια
946 2901 1127 2990 γεγράφασι
1158 2900 1278 2986 συμπά-

184 3025 262 3086 σιον,
287 3005 475 3088 Σωκράτους
498 3005 691 3090 ἀπολογίαν,
715 3005 753 3072 τά
780 3004 880 3093 ἠθικοὶ
903 3005 1239 3096 ἀπομνημονεύματα·

121 3111 156 3176 ss.
181 3117 247 3177 εἴθ’
271 3111 288 3177 ὁ
310 3115 371 3197 μὲν
395 3115 571 3193 πολιτείαν,
595 3113 613 3178 ὁ
636 3115 672 3177 δὲ
697 3116 806 3196 Κύρου
830 3115 1002 3181 παιδείαν

107 3217 156 3283 ΙΙΙ.
181 3223 235 3283 καί
261 3223 295 3285 ἐν
318 3209 517 3305 τοῖςνόμοις
540 3221 557 3285 ὁ
579 3219 716 3286 Πλάτων
739 3221 872 3306 πλάσμα
889 3225 991 3308 φησίν
1014 3227 1097 3288 εἶναι
1120 3223 1178 3309 την
1201 3248 1275 3287 παι-

184 3329 275 3392 δείαν
298 3325 414 3394 αὐτοῦ·
437 3327 482 3412 μὴ
504 3327 566 3415 γὰρ
590 3331 673 3394 εἶναι
698 3331 802 3416 Κῦρον
824 3338 987 3396 τοιοῦτον·

108 3431 157 3496 lv.
181 3431 362 3521 ἀμφότεροί
389 3460 423 3500 τε
446 3435 634 3522 Σωκράτους
660 3439 909 3524 μνημονεύοντες
937 3434 1085 3522 ἀλλήλων
1116 3434 1275 3520 οὗδαμοῦ,

184 3541 268 3625 πλὴν
292 3543 449 3624 Ξενοφῶν
467 3543 644 3617 Πλάτωνος
667 3543 703 3608 ἓν
726 3551 818 3632 τρίτῳ
841 3553 904 3609 τῶν
924 3542 1273 3630 ἀπομνημονευμάτων.
1301 3603 1307 3633 ,

149 3663 208 3729 Βία
224 3671 299 3732 ante
317 3667 480 3732 Leontium
505 3673 535 3732 ‘a
558 3670 722 3751 quodam
745 3671 924 3737 Platonis
949 3678 988 3736 et
1004 3671 1275 3753 Xenophontis

71 3763 286 3855 biographo'
318 3775 438 3839 invidia
466 3776 593 3841 illorum
624 3780 821 3860 argumentis
845 3779 957 3844 iisdem
982 3785 1054 3843 erat
1077 3777 1273 3862 confirmata,

71 3945 266 3962 Ἢ

70 4140 88 4194 F
130 4055 165 4126 ⁸¹)
183 4057 353 4126 Dercyllidae
382 4059 466 4128 igitur
493 4059 622 4114 memorie
639 4059 712 4128 apud
737 4061 842 4115 Laertii
866 4061 1046 4131 biographum
1065 4059 1185 4115 extabat.
1222 4061 1274 4132 [cf.

89 4147 159 4201 raud.
177 4163 202 4216 p.
221 4147 293 4218 266]
