3010 4866
1234 211 1277 276 35

68 390 96 450 et
115 386 304 452 canturium
326 403 378 452 me
401 383 532 452 edocuit
552 381 880 468 wilomowitziusffl)
905 435 913 452 .
935 385 1054 468 Itaque
1072 385 1106 452 iu
1129 391 1279 454 neutram

68 499 178 573 purtem
200 492 324 559 scholis
345 491 511 560 homerico
532 491 610 558 licet
631 487 844 576 adhibere³²).

146 603 173 666 1.
194 600 315 666 Verum
339 603 373 665 et
394 599 517 682 primns
533 603 566 666 et
582 597 670 666 solus
686 597 804 665 dudum
826 597 937 680 attigit
951 597 1123 666 Eduardus
1138 601 1279 668 Meierus

69 703 175 788 [opll
207 706 264 790 33]
300 707 446 790 quemvis
479 705 584 788 magis
616 705 852 788 praesagiendo
886 721 983 787 quam
1018 705 1278 790 demonstrando,

67 811 214 896 proiectus
230 814 259 879 is
275 812 404 896 quidem
419 811 460 878 ab
472 811 640 878 Athenaeo
655 811 727 878 120
742 811 800 898 τῆς
815 809 850 876 δὲ
862 808 946 876 κατὰ
958 814 1074 880 τοῦτον
1085 813 1278 899 [Memphin]

66 913 205 1004 ὀρχήσεως
214 921 269 1004 τῆς
281 924 430 1006 τραγικῆς
443 916 641 1004 καλουμένης
654 923 781 1005 πρῶτος
796 917 958 1005 εἰσηγητὴς
971 923 1084 1000 γέγονε
1098 921 1282 999 Βάθυλλος

66 1019 340 1112 ὄἈλεξανδρειὶς,
370 1021 410 1092 ὅν
438 1039 516 1110 φησι
545 1021 815 1110 namplpovc⁸³l
845 1023 1050 1111 ὀρχήσασθαι
1071 1027 1278 1104 Σέλευκος·

65 1130 260 1200 Homericum
277 1132 341 1198 dici
358 1130 526 1198 Seleucum
541 1133 651 1214 posuit
662 1131 813 1200 hleierus.
851 1131 914 1200 Sed
929 1138 1039 1215 potest
1054 1135 1278 1204 demomtrmi

66 1237 138 1304 Nom
158 1257 197 1308 ex
219 1239 324 1306 trihus
347 1238 382 1306 in
397 1237 564 1306 Athenaeo
587 1237 690 1306 obviis
713 1257 784 1306 cum
807 1238 881 1306 hinc
896 1239 1020 1308 alienos
1035 1257 1107 1310 esse
1123 1241 1282 1326 adpareat

67 1351 95 1411 ct
115 1346 355 1414 halieuticoru‘m
378 1347 569 1428 scriptorem
587 1351 710 1412 etcum
727 1346 783 1429 qui
801 1346 917 1412 cecinit
934 1344 1034 1432 ἱλαρὰ
1051 1349 1183 1434 ᾄσματα
1198 1367 1280 1416 unus

67 1459 204 1534 superest
224 1452 508 1522 homericusiue
531 1452 737 1520 distinctione
761 1452 949 1535 plerumque
978 1454 1018 1519 nb
1041 1454 1209 1523 Athcuceo
1232 1458 1281 1524 in-

68 1557 168 1628 ductm
179 1559 376 1645 [ctiudicem
384 1559 703 1644 Schweighaeuseri],
716 1565 909 1642 quemquam
921 1559 982 1626 hoc
993 1561 1122 1643 quidem
1133 1563 1204 1630 loco
1216 1567 1281 1630 non

68 1665 126 1746 ipse
138 1667 320 1736 Athenaeus
335 1666 394 1734 sed
406 1666 600 1748 epitomator
616 1665 821 1734 sdcuratiora
835 1667 1015 1734 resecuisse
1026 1669 1162 1738 ridetur.
1174 1671 1176 1678 ’
1187 1669 1281 1737 Ortm-

68 1789 120 1852 pue
130 1772 341 1856 Harpocratio
353 1791 378 1840 s.
392 1789 421 1838 v.
429 1769 599 1858 Ὁμηρίδαι
612 1790 652 1840 co
667 1776 778 1841 uetur
789 1771 877 1840 ultra
888 1774 1049 1842 Neronem
1063 1775 1142 1842 reici
1157 1779 1280 1861 nequit

146 1881 175 1948 2.
199 1879 372 1948 Suetonius
406 1879 491 1945 inter
523 1878 648 1946 'liberii
681 1879 802 1946 Romae
840 1881 1040 1948 convictores
1075 1883 1281 1950 Seleucum

69 1981 212 2060 quendam
234 1981 337 2050 refert
359 1986 393 2048 et
415 1980 668 2046 eruditissimum
690 1981 812 2054 litteris,
833 1985 1077 2065 grammaticum
1099 1991 1134 2052 et
1155 1985 1283 2054 amno

70 2080 127 2148 lto.
150 2080 250 2168 56⁸⁴).
299 2084 388 2164 Quae
417 2102 488 2150 cum
519 2083 634 2148 eximie
662 2084 769 2150 omnia
800 2091 979 2168 congruent
1010 2088 1281 2172 inHomericum‚

69 2181 141 2250 hunc
161 2204 231 2252 esse
256 2185 378 2252 Tiberii
401 2185 492 2252 illum
515 2186 730 2252 convictorem
753 2185 967 2271 existimet).
1007 2189 1077 2256 Icm
1096 2209 1172 2258 vero
1188 2193 1282 2276 Poly·

69 2282 145 2352 bium
159 2293 192 2354 ct
204 2289 364 2356 Zenonem
382 2286 508 2352 Seleuci
523 2287 725 2354 adversarios
738 2288 859 2355 Romae
875 2291 988 2358 eodem
1003 2291 1120 2360 vixisse
1137 2299 1282 2377 tempore

68 2391 97 2452 et
115 2391 327 2458 necessarium
350 2395 400 2456 est
424 2393 457 2456 et
480 2393 590 2472 potest
613 2390 825 2472 comprobari.

145 2493 174 2562 3.
196 2491 403 2576 Polybium
420 2493 602 2573 enimcum,
627 2493 677 2560 ad·
692 2511 787 2576 quem
802 2513 885 2562 auno
909 2495 951 2560 43
973 2515 1003 2578 p.
1022 2495 1095 2562 Chr.
1112 2515 1142 2563 n.
1161 2496 1283 2566 Seneca

67 2589 264 2678 philosophus
301 2593 391 2660 misit
429 2595 695 2676 consolationem,
742 2615 813 2662 cum
859 2598 1051 2680 praesertim
1089 2600 1282 2666 carminibus
1356 2674 1361 2680 ,

67 2691 223 2763 homericis
258 2695 469 2780 explanandis
503 2696 628 2763 felicem
658 2717 790 2780 operum
817 2697 1042 2782 insumpserit,
1079 2701 1283 2784 conspirante

68 2801 97 2861 et
116 2803 219 2865 aetate
242 2805 277 2866 et
298 2799 369 2865 loco
394 2803 426 2864 et
450 2797 628 2865 studiorum
651 2799 778 2865 ratione
802 2799 927 2867 Seleuci
955 2820 1026 2868 esse
1049 2803 1082 2868 in
1105 2801 1284 2888 Hyperboli

67 2905 159 2966 matre
181 2901 368 2968 extricando
391 2901 513 2967 socium
535 2901 568 2966 iu
591 2901 764 2986 propatudo
789 2907 848 2970 est.

129 3040 178 3112 8η)
195 3042 289 3098 Etiam
307 3041 462 3098 Beccardns
483 3041 512 3096 in
531 3041 640 3113 egregio
658 3042 706 3100 illo
725 3041 768 3098 ‘de
787 3041 899 3098 scholiis
919 3042 946 3098 io
964 3043 1077 3100 Homeri
1095 3043 1209 3100 Iliadem
1228 3044 1283 3100 Ve-

68 3123 139 3180 netis’
160 3125 253 3183 libello
274 3125 350 3196 [diss.
372 3125 464 3181 Berol.
485 3127 553 3183 1850
571 3142 598 3196 p.
616 3127 651 3182 52
669 3127 706 3196 n]
731 3125 826 3180 eodem
851 3131 960 3182 tenetur
983 3127 1016 3182 de
1041 3127 1155 3183 Seleuco
1181 3142 1282 3200 errore,

69 3223 219 3282 quemqnam
238 3211 273 3267 de
292 3209 458 3266 scholiorum
477 3207 581 3278 origine
602 3215 697 3264 eontra
715 3209 860 3265 Lehrsium
878 3218 953 3265 recte
973 3211 1112 3266 iudicavit.

132 3293 168 3366 ³²)
184 3294 256 3351 Sunt
267 3295 317 3365 qui
325 3293 498 3364 chherdyi
510 3294 539 3348 iu
550 3293 660 3348 Suldnm
671 3309 692 3350 s
703 3309 729 3348 ν.
739 3297 864 3356 Σέλευκος
873 3293 1050 3351 ednomione
1060 3295 1124 3351 lreti
1134 3293 1192 3350 sine
1201 3311 1283 3366 argu·

69 3379 346 3450 nentisfleleucumsd
353 3377 1282 3450 'liberiiaetetemremittautsperitorumnulloutdecetedprohsti.

130 3463 165 3538 θ’)
183 3471 309 3537 νομίμως
328 3461 407 3520 codd.
427 3462 582 3519 emendarit
600 3461 835 3518 Wilumouitzius.

135 3547 171 3620 Μ)
187 3553 264 3601 ‘item
282 3565 342 3601 acm
366 3549 461 3601 soleret
482 3566 516 3600 ex
537 3551 644 3600 hetone
666 3551 804 3599 cottidiana
827 3551 1001 3615 quaerebam
1020 3557 1100 3615 super
1119 3565 1208 3600 cescum
1222 3558 1284 3616 pro·-

67 3639 153 3695 ponere
169 3641 194 3686 et
210 3637 377 3702 wmperlsset
394 3635 531 3685 Seleucum
548 3650 566 3684 a
584 3635 713 3684 mihtin&
730 3636 786 3684 surh
799 3636 965 3699 perquem,
983 3649 1047 3700 quos
1059 3649 1160 3700 quoque
1172 3641 1285 3702 tempore

70 3721 183 3770 occure!
202 3727 325 3772 auctores
340 3725 420 3784 atqu
437 3721 474 3768 r'to
487 3723 682 3784 praeparatam
698 3721 797 3778 venare,
810 3721 930 3784 pastum
951 3737 969 3769 a
988 3721 1285 3783 conmonuemus,

70 3801 151 3854 deae
170 3808 250 3856 enam
274 3807 312 3854 ad
333 3811 441 3855 mam
463 3801 601 3870 comprssu!
626 3831 660 3844 -
689 3800 817 3857 ceterum
841 3801 913 3871 quod
937 3801 1042 3858 &uoce
1059 3801 1155 3857 rhetor
1173 3803 1212 3874 [p.
1231 3805 1283 3861 168

70 3881 149 3957 Bura]
176 3887 322 3944 Seleucum
348 3886 502 3944 nomhmse
530 3885 629 3956 lemur,
662 3883 721 3955 qui'
741 3885 896 3942 fastidisset
926 3885 1061 3956 quendam
1088 3885 1283 3957 quaestionem,

18 3985 21 3994 ·
70 3963 236 4042 hielslingius
253 3971 444 4028 emendatione
463 3970 575 4026 sustulit
592 3970 622 4026 in
640 3969 770 4026 editione.

133 4053 183 4126 81θ)
200 4055 278 4112 Idem
297 4055 445 4111 subtimida
467 4053 586 4110 coniecit
603 4054 759 4111 Beccardus
777 4070 804 4124 p.
824 4057 858 4111 68
876 4069 917 4124 sq.
934 4069 1031 4124 parum
1054 4053 1108 4110 sibi
1131 4055 1183 4111 hac
1207 4055 1236 4110 io
1254 4071 1285 4110 ro

70 4144 185 4198 cossim
204 4139 255 4212 [cl
272 4139 336 4196 adn·
353 4139 424 4210 31⁵]-

1086 4227 1123 4282 3⁸
