3010 4866
234 201 277 264 62

441 374 609 444 Apuleius
713 441 717 448 Ι
840 377 844 393 ’
1066 381 1231 435 Laertius

232 517 299 560 nori
326 501 525 580 aspernatus
550 501 655 559 artem
687 502 816 580 tragoe-
840 492 844 599 ξ
864 491 1004 580 Ἰσθμοῖ,
1027 497 1123 562 καθά
1141 505 1197 562 καλ
1213 503 1452 584 Δικαίαρχος

231 602 301 666 diis
343 608 375 666 et
420 601 641 687 dithyrambis
698 603 814 666 stilum
841 676 844 717 Ι
870 599 913 664 ἓν
935 603 1071 690 naara
1087 605 1301 688 περίβίαν·
1332 604 1451 682 λέγεται

232 709 327 793 [corr.
378 711 555 781 Vsenems:
613 731 647 773 se
699 709 815 773 utilem
840 720 844 805 ξ
871 705 901 770 δ’
928 705 976 772 ὅτι
1003 711 1057 773 καὶ
1083 716 1241 796 γραφικῆς
1267 710 1451 794 ἐπεμελήθη

232 817 338 901 coda]
363 817 491 896 linxit.
535 819 672 902 Iamque
693 816 816 880 carini-
840 816 845 923 j
870 815 925 876 καί
947 813 1115 898 ποιήματα
1132 817 1278 904 ἔγραψεν
1300 824 1358 882 καλ
1373 821 1451 904 πρῶ-

231 947 315 988 αααι
349 921 545 1009 confidentia
579 924 687 987 elatus
713 929 816 987 certa·
841 928 844 1019 λ
871 945 911 984 τα
934 923 995 1003 μὲν
1017 922 1260 1007 διθυράμβους·
1288 923 1399 990 ἔπειτα
1420 925 1452 988 δὲ

230 1037 332 1096 torem
355 1051 390 1096 sc
405 1029 563 1116 profiteri
583 1030 744 1116 cupiebat,
776 1029 819 1094 ni
870 1033 924 1090 καί
945 1027 1025 1114 μέλη
1047 1035 1101 1092 καί
1119 1030 1318 1115 τραγῳδίας·
1344 1031 1451 1096 ἔπειτα

230 1137 380 1204 Socrates
401 1135 624 1201 humilitatem
643 1137 816 1222 cupidinis
841 1204 844 1263 Ι
869 1134 997 1216 μέλλων
1033 1131 1247 1214 ἀγωνιεῖσθαι
1289 1139 1450 1224 τραγωδίρ

230 1265 275 1309 ex
295 1243 369 1308 eius
391 1244 555 1308 mentibus
584 1243 767 1330 expulisset
786 1251 818 1308 et
871 1239 935 1326 πρὸ
967 1245 1025 1305 τοῦ
1060 1249 1277 1310 Διονυσιακοῦ
1300 1245 1450 1330 θεάτρου,

229 1373 327 1416 aerae
352 1349 466 1416 laudis
487 1349 639 1436 gloriam
671 1352 709 1415 in
742 1351 817 1417 eius
870 1345 1041 1434 Σωκράτης
1064 1345 1205 1425 ἄκουσας
1226 1351 1402 1438 κατέφλεξε
1417 1350 1451 1414 iil

230 1458 384 1532 am'mum
408 1457 556 1522 inserere
576 1465 732 1522 curasset.
771 1461 818 1523 Er
870 1455 1038 1537 ποιήματα
1053 1457 1171 1522 εἰπών·
1197 1455 1366 1542 Ἥφαιστε
1381 1457 1451 1542 πρίν

229 1572 326 1630 antea
360 1563 492 1651 quidem
527 1564 699 1628 Heracliti
732 1572 815 1630 secta
869 1561 941 1643 μαλ’
975 1556 1054 1627 ὦδε·
1089 1560 1231 1629 Πλάτων
1258 1563 1300 1630 νύ
1334 1589 1365 1630 τι
1392 1577 1450 1630 σεῖο

234 1673 355 1746 sueral
373 1670 528 1746 imbutus,
545 1693 674 1747 aerum,
692 1695 816 1738 cerense
869 1668 1015 1748 γατίζεί·

230 1777 363 1846 Socrati
402 1779 554 1852 dedisset,
601 1803 669 1844 nori
707 1781 814 1846 solum
869 1771 1064 1840 τοῦνῐεῠθεν
1101 1775 1140 1861 δὴ
1180 1777 1323 1858 γεγονώς
1355 1795 1451 1864 φασιν

232 1887 276 1971 [p.
303 1886 358 1970 65]
383 1885 521 1971 ingenia
544 1892 642 1972 atque
662 1887 813 1952 doctrina
870 1883 989 1947 sinouse
1004 1881 1056 1966 ἔτη
1071 1882 1241 1970 διήκουσεν
1251 1884 1449 1972 Σωκράτους·

229 1991 412 2062 Socraticos
436 1997 555 2057 ceteros
583 1991 672 2066 vicit,
697 2015 813 2056 aerum

230 2099 328 2164 eliam
363 2099 472 2163 labore
500 2105 532 2163 et
563 2097 728 2183 elegantia
761 2098 814 2162 iri·

230 2203 390 2270 lustravit
410 2203 609 2290 sapientiam
632 2205 672 2268 ab
694 2226 728 2269 co
751 2204 818 2270 sibi

230 2311 400 2384 traditam,
430 2311 538 2375 labore
570 2331 635 2396 quo
664 2312 816 2376 adserere

230 2439 302 2482 eam
329 2415 428 2481 mam
461 2421 522 2490 est,
556 2416 722 2502 elegantia
751 2425 815 2502 per

229 2545 330 2610 quam
368 2529 537 2588 venustate
575 2529 608 2587 el
649 2523 815 2588 niaraslate

229 2628 651 2716 verborumeiplurimum
662 2629 817 2696 adlci'buil

230 2733 419 2820 digm'latis.

230 2842 287 2907 111.
304 2841 372 2908 Sed
378 2847 591 2927 posteaquam
599 2841 747 2910 Socrates
758 2843 814 2906 lio-
870 2839 992 2906 instrati
1014 2841 1051 2905 δ’
1074 2839 1284 2919 ἀπελθόντος
1310 2851 1449 2930 προσεῖχε

231 2947 338 3013 mines
354 2947 501 3033 reliquit,
526 2947 699 3034 quaesiuit,
726 2949 815 3012 unde
870 2945 1023 3034 Κρατύλῳ
1044 2973 1077 3011 τε
1100 2951 1144 3036 τῷ
1161 2947 1386 3038 Ἡρακλειτείῳ
1400 2952 1447 3012 καί

224 3055 410 3140 proficeret,
456 3061 488 3119 el
522 3057 570 3119 ad
604 3055 815 3140 Pythagorae
863 3052 1044 3140 Ἑρμογένει
1082 3061 1124 3142 τῷ
1166 3053 1206 3120 τὰ
1247 3057 1447 3144 Παρμενίδου

230 3159 443 3246 disciplinam
466 3183 500 3225 se
514 3160 663 3226 contulit.
704 3165 813 3246 Quam
870 3161 1119 3247 φιλοσοφοῦντι·

229 3266 293 3332 etsi
313 3267 443 3332 ratione
465 3265 626 3352 diligenti
637 3273 669 3331 et
681 3267 815 3352 magni·

224 3373 292 3458 fica
315 3373 513 3438 iaslricctam
536 3373 672 3447 videbat,
697 3395 814 3438 verum

229 3485 340 3545 lameri
351 3479 586 3545 continentiam
595 3485 627 3544 et
635 3481 813 3545 castitatem

230 3587 342 3673 magis
378 3585 527 3674 cupiebat
570 3585 712 3652 imitari.
770 3588 819 3651 Et

230 3695 321 3780 quod
331 3694 619 3780 Pythagoreorum
636 3693 814 3779 ingenium

229 3797 386 3862 adiutum
414 3799 606 3885 disciplinis
632 3799 714 3864 aliis
743 3819 815 3864 seri·

230 3903 340 3976 li'ebal,
366 3905 413 3970 ad
439 3907 645 3971 Theodorum
670 3907 816 3992 Cyrenas
869 3905 981 3970 ἔπειτα
1003 3908 1048 3981 είς
1065 3905 1210 3994 Κυρήνην
1229 3904 1361 3994 ἀπῆλθε
1376 3901 1445 3990 πρὸς

231 4014 271 4074 ut
286 4010 504 4097 geometriam
520 4011 659 4078 disceret
672 4019 721 4078 est
735 4020 815 4098 pro·
871 4013 1041 4101 Θεόδωρον
1063 4009 1121 4080 τὸν
1143 4013 1385 4101 μαθηματικόν·

226 4113 335 4194 sectus
356 4121 389 4180 et
408 4115 624 4204 astrologiam
