3010 4866
149 380 177 445 3.
199 377 355 447 Incerta
377 385 587 448 remanent

266 488 344 554 Cum
367 489 510 556 Isocrate
533 490 675 556 amicitia
698 487 946 576 [Prariphanes]

264 596 378 662 Diouis
401 596 553 679 choragia
576 596 829 682 [Athenodorus]

323 754 342 784 ‚‚
400 703 532 770 divitiae
556 701 706 788 [Onetor]

266 808 334 874 Iter
358 810 549 892 Megarense
574 809 820 896 [Hermodorus]

267 915 426 982 Chabriae
449 916 592 984 defensio
862 899 879 923 ’Δ

268 1022 439 1090 Methodus
462 1026 495 1090 in
520 1024 707 1092 disserendo

267 1130 428 1213 Archytae
453 1133 593 1214 epistula

267 1237 550 1322 Apophtbegmata

268 1344 508 1412 Testamentum
518 1343 567 1428 ⁸⁸).

148 1450 213 1515 Iam
229 1469 312 1533 quae
330 1471 369 1516 ex
385 1453 531 1535 probatis
550 1452 749 1518 consectaria
765 1456 841 1518 sunt
859 1453 1080 1534 quaestionem
1098 1455 1138 1520 de
1154 1455 1284 1520 Laertio

66 1553 236 1622 institutam
265 1576 303 1623 eo
329 1565 535 1640 promovent,
570 1564 608 1624 ut
630 1559 768 1626 bonnm
791 1561 1094 1626 Laertianarum
1117 1563 1285 1628 vitarum

68 1669 206 1740 partem
240 1665 310 1730 uni
345 1666 477 1732 deberi
512 1666 732 1748 biographo
767 1703 812 1716 -
838 1686 890 1732 me
919 1667 1023 1732 iudice
1052 1667 1210 1734 Favorino
1240 1705 1283 1717 -

68 1767 313 1838 iudicandum
349 1773 409 1838 sit
460 1773 543 1840 Nam
571 1793 642 1840 oum
670 1791 734 1840 non
762 1773 865 1840 solum
893 1775 926 1839 in
953 1773 1098 1840 Platonis
1126 1775 1193 1840 vita
1229 1776 1286 1841 sed

68 1873 261 1944 inomnibus
285 1879 327 1944 atl
350 1881 461 1946 eadem
486 1882 675 1964 saepissime
690 1886 845 1962 provocet
859 1881 1054 1961 testimonia,
1079 1882 1285 1964 inpromptu

69 1987 114 2046 est
134 1991 285 2067 quantum
310 1987 357 2052 illi
381 1989 425 2053 sit
446 1987 654 2054 reddendum.

148 2091 234 2158 Haec
259 2099 349 2158 certa
371 2099 518 2160 tenemus
540 2096 682 2160 ratione:
718 2095 813 2176 plura
845 2093 1093 2176 suspicabimur3
1130 2100 1165 2159 et
1199 2095 1288 2159 illine

69 2212 185 2278 semper
208 2205 260 2265 est
283 2199 558 2281 proficiscendum.

482 2449 511 2518 2.
540 2454 581 2520 lle
605 2453 772 2520 Aristotelis
795 2453 866 2518 rita.

428 2559 467 2648 a..
479 2593 522 2647 lle
540 2593 717 2650 Ptolemaeo
736 2595 768 2648 et
786 2593 922 2649 Luertlo.

155 2720 181 2783 l.
212 2717 348 2783 Constet
382 2719 466 2784 inter
496 2737 621 2800 omnes,
659 2723 817 2802 quotquot
847 2718 886 2782 de
914 2718 1090 2784 Aristotele
1118 2717 1287 2798 scripsere,

69 2821 162 2888 ritem
205 2823 642 2890 Pseudoammonianam
689 2825 752 2910 [ed.
793 2825 1017 2890 Westermann
1063 2828 1138 2906 post
1177 2823 1290 2888 Cobeti

71 2927 226 2997 Laertium
266 2951 298 3014 p.
326 2934 366 2998 10
407 2932 491 3017 sqq]
531 2933 802 3014 Meuagianam
842 2933 863 2998 i.
893 2951 920 2996 e.
955 2929 1191 3013 Hesychianam
1231 2927 1287 3013 [ib.

71 3033 279 3124 p.12sq.]³⁹)
303 3037 543 3106 Marcianam
567 3038 630 3124 [ed.
643 3039 755 3104 Robbe
772 3039 873 3120 Lugd.
887 3039 958 3104 Bet.
976 3037 1075 3122 1861]
1092 3055 1289 3102 communem

71 3264 117 3316 per
134 3251 279 3307 tenendum
304 3265 329 3306 o.
347 3249 376 3304 h.
395 3249 525 3304 Favorini
543 3249 713 3305 elaboratam
740 3265 800 3306 esse
820 3252 863 3305 ‘ex
881 3249 974 3304 multis
993 3253 1022 3302 et
1042 3247 1126 3302 rarii·
1150 3255 1178 3301 et
1200 3263 1290 3302 remo·

72 3339 104 3392 tis
121 3339 300 3396 lectionibus'.
337 3339 378 3393 (ll.
396 3356 422 3408 p.
442 3341 477 3394 48
496 3353 555 3407 sqq.

137 3425 174 3498 ⁸⁸)
190 3429 395 3484 Testamentum
410 3426 591 3482 Stratonis
602 3425 778 3482 Laertienum
795 3441 829 3480 ex
842 3427 1005 3482 Aristone
1021 3424 1102 3479 fluxit
1115 3425 1139 3479 V
1153 3429 1187 3481 64
1205 3425 1289 3479 ‘ronst

73 3535 121 3572 non
136 3517 268 3592 συνήγαγε
292 3519 338 3570 nat
358 3517 514 3588 Ἀρίστων
533 3521 657 3576 οἰκεῖος
683 3515 753 3585 [scil.
775 3513 789 3569 ὁ
809 3517 911 3586 Krios}
938 3515 983 3569 Sic
1006 3515 1083 3570 codd.
1111 3530 1144 3569 ex
1162 3514 1288 3568 thneri

74 3608 203 3662 memoria
240 3607 328 3662 Cobet
347 3603 370 3660 ‘ri
390 3605 479 3668 Xlor’:
501 3605 593 3660 neutri
612 3605 776 3660 eredendum
795 3610 846 3659 est.
866 3637 898 3646 -
918 3604 1125 3659 Aristotelis
1144 3611 1289 3659 testamen·

75 3699 126 3748 turn
152 3697 290 3752 habebunt
316 3695 398 3751 etiam
422 3695 631 3764 Hermippus
658 3693 706 3764 [oi.
731 3694 797 3748 Atb.
818 3693 934 3763 x111p.
956 3696 1009 3750 589
1032 3692 1074 3764 0.]
1100 3699 1129 3748 et
1157 3693 1289 3748 Andro·

75 3785 165 3841 niens
182 3785 254 3858 [rita
271 3785 390 3840 Ariston
409 3784 549 3839 Marciana
570 3784 612 3839 ed.
631 3784 736 3852 Robbe,
756 3783 843 3852 Lugd.
861 3783 922 3838 Bet.
944 3785 1009 3839 1861
1029 3799 1056 3851 p.
1075 3781 1115 3851 8].
1152 3783 1289 3838 Androni-

75 3887 118 3928 cus
134 3875 202 3930 nihil
220 3875 256 3930 nd
275 3873 434 3943 Diogenem.

139 3961 176 4034 89)
192 3963 334 4033 Origiuem
358 3961 525 4016 demonstret
549 3961 649 4017 fluidae
672 3960 838 4030 comparatio
858 3959 906 4030 [ol.
925 3959 958 4014 V.
978 3958 1049 4013 Rose
1067 3959 1109 4012 ‘de
1133 3959 1290 4014 Aristotelis

76 4047 199 4105 librorum
218 4050 324 4106 ordine’
343 4055 396 4104 eto.
414 4066 440 4119 p.
455 4053 491 4106 48
509 4049 589 4122 sqq.].
603 4081 634 4091 -
649 4049 777 4105 Veterem
796 4047 1002 4102 translationem
1019 4046 1175 4104 Marcianas
1194 4047 1290 4102 omitto

77 4136 174 4206 [Robbe
192 4157 220 4209 p.
241 4142 275 4195 to
293 4139 376 4208 sqq.].

123 4227 233 4282 mttouog.
243 4227 442 4279 Uennonenses
455 4227 495 4270 111.
1079 4225 1095 4276 6
