3016 4858
469 463 511 532 V.
536 463 588 532 mo
612 465 745 532 catoris
767 465 938 534 Favorini
959 466 1216 550 biographiam.

318 607 390 674 Non
428 607 638 690 philosophos
677 613 804 674 tantum
841 628 952 674 verum
989 609 1087 674 etiarn
1126 609 1262 674 aliorum
1299 607 1444 673 nobilium

227 716 415 781 memoriam
438 715 613 780 recoluisse
636 715 850 798 biographum
873 717 1080 781 Laertianum
1109 734 1179 780 cum
1207 715 1262 780 alii
1291 720 1445 780 testanlm
1488 731 1489 788 ι

228 829 297 888 turn
321 823 383 904 ipsi
408 822 583 887 ostendunt
605 823 868 906 homonymorum
891 823 1022 888 indices
1071 823 1191 901 Quodsi
1213 827 1281 886 tam
1304 821 1445 904 frequens
1488 799 1489 888 Ῐ

229 933 363 1010 superat
377 927 643 1010 philosophorum
665 931 831 1010 memoria,
856 935 890 995 et
912 947 1015 1012 prona
1038 935 1089 994 cst
1111 931 1295 1012 coniectura
1311 935 1343 994 et
1357 929 1445 1010 plane
1488 937 1489 1028 l

229 1033 413 1098 necessaria
435 1033 635 1116 aliquantum
659 1035 758 1100 etiam
781 1037 821 1101 de
845 1037 962 1101 ceteris
985 1041 1126 1101 aetatem
1150 1037 1280 1116 tulisse,
1310 1035 1445 1101 simodo

229 1143 339 1223 potest
361 1140 529 1221 repperiri.
578 1141 666 1206 Talis
693 1160 770 1208 vero
800 1142 984 1224 disquisitio
1013 1147 1046 1206 et
1073 1141 1246 1207 moliminis
1274 1141 1378 1223 magni
1401 1145 1447 1204 est
1488 1207 1489 1230 χ

230 1252 265 1311 et
287 1245 430 1328 periculi
477 1246 561 1310 Nam
583 1248 807 1330 persequenda
829 1266 905 1312 rara
928 1251 1004 1312 sunt
1027 1248 1164 1329 vestigia
1186 1265 1291 1330 neque
1315 1266 1351 1311 ea
1373 1246 1446 1310 satis

231 1371 397 1435 expressa,
433 1353 584 1435 quoniam
613 1359 702 1418 certa
730 1354 772 1419 cd
799 1373 882 1436 quae
910 1353 968 1418 illa
995 1353 1164 1435 exigantur
1192 1353 1282 1418 nulla
1309 1355 1447 1435 prostant
1488 1353 1489 1444 f

230 1458 421 1540 fragmenta.
473 1458 523 1524 Ab
551 1459 713 1542 Hesychia
743 1461 921 1526 exeundum
956 1465 1044 1542 puto.
1097 1461 1140 1524 Et
1168 1460 1208 1524 de
1239 1459 1300 1525 hoc
1328 1459 1447 1541 qmdem

231 1565 270 1630 D.
295 1565 516 1630 Volkmannus
551 1584 623 1630 cum
655 1567 696 1632 de
729 1567 853 1632 Laertii
888 1573 922 1632 et
956 1567 1074 1632 Suidae
1109 1585 1230 1631 conexu
1264 1566 1447 1647 disputaret
1488 1597 1489 1600 ¹

231 1672 385 1738 nonnulla
408 1673 557 1753 exposuit
578 1691 670 1752 vera,
699 1673 765 1738 alia
794 1673 907 1754 dubia,
940 1675 1060 1756 partim
1089 1679 1201 1756 aperte
1231 1671 1321 1738 falsa
1366 1671 1449 1736 Haec

231 1780 310 1845 mihi
334 1783 429 1845 erunt
451 1784 509 1843 aut
531 1779 723 1860 corrigenda
745 1785 803 1846 aut
824 1780 1038 1863 reprobanda.

237 1915 242 1922 ·
322 1885 479 1964 Quoniam
501 1885 681 1968 Hesychius
709 1893 746 1952 ut
774 1887 840 1952 dixi
866 1888 921 1952 uhi
945 1885 1208 1969 philosophorum
1232 1885 1350 1950 ibidem
1372 1885 1449 1948 viles

232 1999 413 2059 ceterorum
429 2011 509 2075 quos
532 1994 656 2075 recepit
678 2011 782 2076 paene
798 1995 939 2060 omnium
962 1994 1084 2058 invenit
1108 1999 1286 2072 enarratas,
1310 1991 1449 2074 potuit,

232 2099 261 2163 si
276 2118 344 2164 rem
360 2118 419 2180 per
435 2117 470 2164 se
483 2099 584 2164 solam
596 2106 789 2181 spectamus,
806 2105 937 2182 praeter
948 2100 1075 2165 Aelium
1085 2101 1274 2182 Dionysium
1290 2093 1451 2183 [μουσικήν

234 2201 392 2290 ἱστορίαν]
431 2205 643 2286 Hermippum
683 2206 848 2288 Berytium
891 2206 979 2291 [περὶ
1025 2207 1089 2270 τῶν
1129 2206 1383 2292 διαπρεψάντοιν
1420 2203 1451 2266 ἐν

234 2309 371 2390 παιδείᾳ
394 2307 537 2394 δούλοιν]
560 2311 726 2376 Philonem
749 2311 897 2394 Bybh'um
921 2311 1008 2398 [περὶ
1033 2311 1163 2376 πόλεων
1187 2313 1243 2375 καὶ
1269 2313 1324 2386 οὓς
1347 2310 1451 2392 ἑκάστη

236 2411 345 2480 αὐτῶν
379 2413 529 2493 ἐνδόξους
562 2417 694 2502 ἢνεγιιον
726 2417 763 2483 cf.
796 2419 833 2485 ll.
862 2418 975 2484 Rohde
1011 2419 1113 2484 ‘Philo
1150 2437 1212 2484 von
1244 2419 1365 2502 Byblus
1396 2415 1452 2482 und

235 2521 415 2603 Hesychius
443 2541 505 2587 von
529 2522 630 2588 Milet’
660 2542 740 2590 mus.
765 2525 855 2590 rhen.
880 2525 1016 2592 XXXIV
1038 2545 1070 2607 p.
1089 2527 1150 2590 561
1182 2525 1266 2610 squ]
1295 2525 1451 2592 consulere

237 2628 439 2710 omnigenam
461 2629 613 2695 Favorini
636 2629 813 2696 historiam.
860 2631 904 2698 Et
927 2633 1095 2698 consuluit.

329 2737 357 2799 1.
382 2735 524 2802 Primum
547 2743 770 2818 argumentum
792 2775 838 2786 -
860 2758 1053 2822 quamquam
1077 2740 1119 2805 ad
1141 2757 1210 2805 rem
1231 2739 1328 2821 plane
1344 2740 1452 2805 discer-

237 2840 376 2906 nendam
391 2860 593 2925 nequaquam
605 2849 717 2924 aptum
735 2883 774 2892 -
791 2845 866 2910 inde
882 2845 1093 2928 repetendum
1110 2852 1169 2926 est,
1187 2847 1272 2928 quod
1288 2848 1452 2928 scriptores

237 2947 396 3013 Favorino
421 2948 509 3013 soliti
525 2949 559 3013 in
576 2949 640 3015 illis
656 2951 732 3016 ritis
747 2952 892 3032 redeunt,
916 2953 1005 3018 velut
1019 2953 1216 3036 Hermippus
1224 2951 1279 3038 ¹²⁴)
1302 2947 1452 3032 nuris¹²⁵l

238 3051 387 3140 leter¹²⁶y
416 3055 602 3121 Demetrius
632 3053 840 3142 Magnes¹¹²).
888 3059 1007 3124 Tamen
1045 3065 1082 3124 ut
1116 3060 1181 3124 dixi
1216 3060 1296 3126 haec
1323 3058 1452 3126 nondum

239 3159 411 3226 sufficiunt.

329 3269 358 3333 2.
383 3268 502 3335 Verum
526 3269 674 3350 quotiens
697 3269 828 3350 probari
850 3275 960 3352 potest
983 3289 1022 3336 ex
1044 3269 1308 3354 homonymorum
1337 3289 1453 3356 promp-

240 3375 347 3442 tuario
363 3373 557 3456 Hesychium
573 3375 758 3455 sumpsisse,
776 3376 877 3457 digito
901 3378 994 3458 quasi
1010 3384 1279 3444 commonstretur
1296 3381 1454 3462 omnigena

241 3511 447 3518 ω-..-

284 3633 289 3644 ,
315 3583 366 3654 ¹¹⁴)
383 3582 460 3639 Snid.
478 3599 500 3639 s.
517 3599 543 3638 v.
562 3588 690 3646 Φίλιοιιος
709 3623 737 3638 ..
755 3587 821 3641 κατὰ
840 3589 870 3642 δὲ
881 3585 1074 3662 Ἕρμιππον
1092 3593 1251 3653 Στίλπωνος.

313 3671 366 3742 ¹¹⁶)
383 3687 405 3726 s.
424 3689 449 3726 v.
467 3671 604 3734 Πανύασις
623 3711 650 3726 ..
668 3673 786 3746 Δοῦρις
805 3677 834 3730 δέ
848 3681 984 3741 Διοκλέους
1001 3698 1026 3734 τε
1044 3681 1130 3734 παῖδα
1143 3679 1301 3752 ἀνέγραψεν
1319 3686 1370 3736 κτλ.

315 3759 367 3830 ¹¹⁸)
385 3775 406 3815 s.
425 3777 450 3815 v.
469 3763 571 3834 φρῦνις
589 3761 753 3834 ..Ἴστρος
772 3766 802 3819 δι
822 3766 935 3836 Λέσβιόν
954 3787 1034 3837 φησιν
1053 3771 1106 3823 nl.

314 3847 365 3920 ¹¹⁷)
382 3865 403 3904 s.
422 3867 446 3904 v.
466 3855 635 3924 Δημοσθένης
654 3851 724 3906 conl.
742 3851 920 3924 Pseudoplut.
939 3873 965 3925 p.
986 3859 1035 3913 281
1056 3856 1202 3914 Westerm.

244 3937 441 4008 ..ἐπεθύμησε
459 3939 489 3992 δὲ
507 3939 642 4010 ῥητορικῆς
663 3943 825 4012 nemuspa-
881 3942 962 4006 ..ὥς
996 3948 1026 4000 dl
1056 3947 1243 4018 Δημὴτριος
1275 3943 1290 4000 ὃ
1322 3945 1454 4014 Μάγοις,

291 4043 336 4080 ιον
355 4026 523 4100 θεασάμενος
540 4027 584 4082 τὸν
603 4027 705 4100 ῥήτορα.
929 4031 1022 4100 ἐδεήθη
1040 4035 1083 4088 τοῦ
1102 4033 1286 4105 παιδαγωγοῦ,
1305 4037 1351 4088 ἵνα
1370 4033 1454 4086 liuldo-

930 4121 1038 4192 στράτου
1057 4121 1162 4194 ἀκούσῃ.
