3010 4866
220 205 262 268 28

241 385 409 468 ,τέταρτος
433 376 472 446 οὖ
495 387 650 466 μέμνηται
675 381 795 466 Δοῦρις
818 379 854 445 ἰν
876 387 922 467 aqi
944 381 1017 466 περὶ
1040 381 1233 468 ζωγράφων·

262 493 407 573 πέμπτος
428 487 581 574 νεώτερος
602 487 721 568 ἄδοξος
744 483 782 554 οὗ
805 483 998 573 μνημονεύει
1017 487 1188 564 Διονύσιος
1211 490 1248 554 ἐν
1270 493 1436 576 Κριτικοῖς.

306 597 427 662 Fallaci
451 597 565 662 indicis
590 599 696 679 specie
721 595 929 662 Nietzscheus
953 597 1106 678 deceptus
1135 603 1194 664 est.
1241 598 1284 662 lt
1312 617 1377 662 cum
1404 605 1438 661 et

217 707 363 788 Dionysii
386 705 664 770 Halicamasensis
691 694 842 789 ’ἀρχαίων
869 705 978 788 κρίσις
1001 703 1054 788 [ci.
1079 722 1110 786 p.
1128 705 1185 788 31]
1209 706 1250 770 ad
1275 705 1437 771 Thaletmu

216 815 363 896 quintum
398 814 556 878 excitetur
590 817 624 877 et
658 812 816 877 secundus
850 817 1048 894 quartusque
1083 811 1203 878 luerint
1236 813 1375 895 pictores
1399 851 1434 859 —

216 922 356 1002 pictores
380 921 464 985 euim
488 920 550 986 nisi
574 919 628 1002 qui
645 921 767 1001 scripta
782 919 990 1002 reliquissent
1003 939 1067 985 non
1083 922 1245 986 recensuit
1259 921 1439 987 Demetrius

217 1065 259 1075 —
284 1029 421 1110 adparet
449 1029 482 1092 in
510 1027 617 1094 verbis
644 1025 797 1107 γεγόνασι
824 1027 863 1090 δὲ
885 1025 940 1090 καὶ
962 1026 1060 1092 ἄλλοι
1088 1029 1211 1105 Θαλαῖ,
1244 1031 1341 1092 καθά
1368 1045 1439 1114 φησι

217 1132 397 1220 Δημήτριος
419 1132 437 1199 ὁ
461 1133 599 1221 Μάγνης
621 1133 657 1199 ἐν
679 1147 746 1209 τοῖς
768 1132 962 1218 ὁμωνύμως,
986 1139 1083 1200 πέντε
1106 1136 1209 1201 latere
1226 1137 1349 1202 vitium.
1394 1137 1439 1200 De

216 1260 279 1324 quo
314 1242 385 1322 ipso
420 1243 575 1325 quidquid
609 1239 827 1326 statuitur¹⁴),
864 1247 951 1307 certe
985 1261 1049 1308 uon
1084 1261 1104 1307 a
1132 1243 1297 1308 Demetrio
1333 1245 1389 1310 sed
1422 1261 1441 1308 a

216 1349 373 1430 scriptore
411 1350 483 1434 περὶ
520 1347 703 1434 ὁμωνύμων
740 1350 906 1414 Demetrio
944 1355 979 1414 et
1016 1349 1170 1434 Dionysio
1213 1349 1440 1434 posteriore'³)

215 1456 363 1538 quintum
387 1455 553 1522 Thaletem
581 1457 731 1540 [ideoque
762 1457 860 1522 etiam
888 1457 1061 1523 secundum
1089 1463 1123 1523 et
1151 1459 1315 1544 quartum]
1340 1465 1441 1525 mutu-

188 1562 288 1628 'atus
312 1567 371 1628 est.

304 1673 333 1735 4.
359 1670 553 1736 intravimus
582 1672 615 1735 in
645 1671 844 1754 quaestionis
875 1690 1044 1752 summam,
1076 1691 1159 1755 quae
1188 1673 1222 1737 in
1245 1675 1440 1757 explorando

215 1779 354 1844 indicum
377 1784 523 1860 tempore
546 1783 707 1844 versatur:
732 1779 793 1844 hoc
817 1780 901 1844 enim
925 1785 1114 1862 argumento
1141 1781 1365 1849 adsensionem
1392 1785 1441 1850 rel

213 1887 322 1952 invitis
346 1887 615 1969 extorquebimus

304 2013 331 2059 a.
357 1993 653 2060 Heraclidarum
681 1993 710 2058 V
734 1995 790 2076 93,
827 1992 973 2079 δεύτερος
1002 1996 1135 2078 πολίτης
1167 1992 1266 2061 αὐτοῦ
1302 1997 1442 2080 [Pontici

214 2101 359 2186 maioris]
389 2101 544 2189 ποῤῥίχας
576 2107 631 2165 καὶ
665 2101 826 2188 φλυαρίας
860 2107 1122 2186 συντεταγμένος.
1176 2104 1338 2189 Πορρἰχας
1364 2105 1442 2171 nihil

215 2228 300 2288 curo,
325 2208 484 2294 φλοαρίαι
508 2209 585 2292 quid
600 2209 661 2275 sibi
676 2210 777 2275 velint
792 2229 922 2293 quaero.
963 2210 1041 2276 Gum
1065 2213 1149 2277 enim
1173 2211 1259 2276 haud
1283 2230 1359 2279 raro
1379 2233 1442 2278 non

214 2333 347 2396 operum
373 2316 486 2381 titulos
510 2317 566 2382 sed
595 2323 785 2400 argumenta
813 2319 951 2400 scriptor
973 2318 1114 2384 indicum
1136 2321 1353 2402 perstringat,
1378 2321 1443 2386 lle

213 2421 343 2486 raclidis
366 2421 482 2488 librum
506 2424 569 2490 alio
594 2425 731 2506 quodam
752 2422 939 2507 insignitum
955 2427 1050 2492 titulo
1067 2427 1228 2511 φλυαρίας
1245 2427 1442 2494 continuisse

213 2547 337 2594 censeo.
391 2527 608 2596 Conferendus
639 2537 689 2596 est
716 2531 964 2612 Xenophontum
991 2533 1024 2598 11
1053 2535 1094 2598 59
1125 2539 1270 2616 πέμπτος
1299 2535 1443 2622 μυθώδη

212 2639 381 2719 τερατείαν
419 2641 741 2722 πεπραγματευμένος
783 2636 865 2721 [scil.
905 2637 1170 2726 Lampsacenus];
1217 2642 1332 2707 titulus
1374 2649 1444 2708 erat

212 2741 364 2826 neptuim
387 2743 648 2827 [Scheuerleems
671 2744 809 2828 p.102]‚
834 2763 887 2810 res
911 2752 1080 2813 enarratae
1101 2745 1261 2833 μυθώδης
1282 2757 1442 2834 τερατεία.

212 2849 324 2931 Neque
347 2849 443 2915 aliter
465 2851 617 2934 Polybius
640 2851 816 2916 identidem
844 2853 990 2934 queritur
1018 2855 1058 2920 de
1082 2854 1203 2921 limaci
1231 2855 1444 2924 historiarum

287 3061 324 3133 ²⁴)
343 3063 435 3118 Possis
454 3064 538 3118 rerba
556 3063 631 3118 καθὰ
646 3094 679 3102 -
693 3061 850 3136 ὁμωνύμως
868 3063 903 3118 ad
923 3063 1040 3134 primum
1062 3065 1105 3120 rel
1124 3067 1236 3121 tertium
1260 3072 1444 3138 transponere

212 3152 294 3207 velle:
315 3152 348 3206 de
367 3153 468 3208 ceteris
487 3153 559 3207 enim
578 3169 634 3208 non
652 3153 758 3207 licitum
777 3159 820 3208 est
840 3153 970 3223 cogimrc.
1009 3154 1053 3209 An
1072 3155 1166 3224 spuria
1185 3156 1267 3212 sunt?
1286 3188 1320 3197 -

286 3239 324 3311 25)
341 3241 447 3296 Eodem
466 3241 524 3296 scil.
543 3242 586 3296 cui
602 3241 727 3296 ultimum
746 3241 830 3298 debet
842 3243 1026 3314 Pythagoram
1046 3243 1091 3316 [ci.
1104 3262 1131 3314 p.
1152 3245 1199 3317 31]
1218 3252 1247 3300 et
1259 3247 1315 3304 X4
1335 3247 1400 3303 init.
1411 3281 1443 3291 -

212 3329 339 3384 Ceterum
358 3330 385 3384 in
405 3330 550 3384 Thaletum
570 3331 660 3385 indice
679 3329 748 3385 aliae
767 3331 855 3385 inesse
875 3331 1004 3386 ridentur
1022 3331 1207 3390 difficultates.
1236 3333 1355 3404 Scripsit
1375 3339 1444 3393 mihi

211 3419 447 3474 Wilamouitzius:
466 3423 556 3472 ‘Sollte
565 3426 592 3472 in
601 3425 659 3472 dem
669 3423 695 3471 T
691 3424 931 3491 hales-ueraeahniſs
941 3427 1011 3474 nr'cbt
1019 3427 1075 3476 eine
1081 3425 1173 3493 groſse
1182 3430 1357 3494 verrurrnmg
1367 3435 1447 3482 sehr?

282 3513 342 3561 Der
361 3515 447 3561 malet
463 3515 521 3561 und
537 3515 654 3562 dercon
673 3511 761 3562 Duris
779 3515 806 3562 r'n
829 3515 887 3562 dem
910 3515 1060 3564 malerbuch
1079 3517 1212 3565 nunciante
1230 3519 1291 3566 sr'rrd
1307 3520 1375 3569 doch
1396 3525 1446 3572 wel

210 3603 346 3651 dr'eselben.
395 3602 457 3651 Was
479 3604 528 3650 der
547 3602 646 3669 srinfte
670 3617 740 3662 auur,
768 3603 803 3652 ist
823 3604 895 3652 nr'cht
914 3611 1032 3669 gesagt:
1057 3607 1159 3654 denken
1183 3607 1280 3656 mathee
1308 3625 1374 3659 man
1400 3629 1443 3661 am

211 3693 317 3740 lrbbsten
335 3707 370 3740 an
389 3707 429 3740 no.
451 3690 474 3740 1.
512 3691 545 3740 In
565 3707 605 3740 no.
625 3689 642 3740 l
660 3692 785 3756 dugegen
804 3693 883 3742 steckt
899 3695 941 3742 ein
958 3695 1091 3758 doppelter
1114 3695 1225 3745 Thales:
1247 3695 1377 3749 Theletus
1395 3704 1444 3750 der

212 3780 322 3840 Kreter,
344 3781 393 3828 der
410 3795 441 3828 ru
461 3780 573 3846 Lyleurg
589 3781 694 3844 gehri'rt,
712 3782 770 3830 und
786 3781 835 3829 der
853 3783 989 3850 versasser
1007 3783 1056 3832 der
1075 3781 1185 3849 ναυτικὴ
1204 3780 1382 3856 ἀστρολογία,
1402 3793 1444 3839 dis

210 3870 262 3916 ταοὶ
278 3871 325 3917 mit
340 3871 389 3919 der
406 3869 580 3919 besiodr'sclren
608 3871 851 3935 ausammmlui'ngt,
872 3869 1022 3937 deensalls
1049 3877 1307 3939 zusammengestellt
1332 3881 1442 3928 werden

212 3954 319 4006 konnte’.
357 3953 430 4022 Quas
455 3955 626 4010 coniecturas
651 3955 698 4024 qui
720 3956 829 4025 probat,
852 3955 875 4009 is
899 3955 1032 4010 Demetrii
1056 3957 1241 4013 testimonium
1263 3961 1300 4016 ad
1325 3967 1441 4020 tertium

210 4042 353 4098 revocabit
372 4043 521 4113 Thaletem,
543 4044 596 4098 nisi
614 4043 685 4099 forte
704 4043 796 4099 eiciet.
815 4075 848 4086 -
868 4043 1011 4114 Adparatu
1036 4043 1134 4101 critico
1160 4053 1191 4102 ut
1215 4047 1244 4104 in
1267 4049 1322 4106 hoc
1347 4053 1440 4110 indiae

211 4131 253 4186 uti
271 4131 415 4202 potuerim,
434 4132 468 4187 ll.
487 4133 602 4189 Useneri
620 4133 786 4190 liberalitate
804 4132 906 4190 iactum
926 4140 977 4189 est.
