<?xml version="1.0" encoding="UTF-8"?>
<!DOCTYPE html PUBLIC "-//W3C//DTD XHTML 1.0 Transitional//EN"
    "http://www.w3.org/TR/xhtml1/DTD/xhtml1-transitional.dtd">
<html xmlns="http://www.w3.org/1999/xhtml" xml:lang="en" lang="en">
 <head>
  <title>
</title>
<meta http-equiv="Content-Type" content="text/html;charset=utf-8" />
  <meta name='ocr-system' content='tesseract 3.04.00' />
  <meta name='ocr-capabilities' content='ocr_page ocr_carea ocr_par ocr_line ocrx_word'/>
</head>
<body>
  <div class='ocr_page' id='page_1' title='image "./philologischeun00maasgoog/philologischeun00maasgoog_0474.png"; bbox 0 0 3016 4858; ppageno 0'>
   <div class='ocr_carea' id='block_1_1' title="bbox 47 431 1263 4170">
    <p class='ocr_par' dir='ltr' id='par_1_1' title="bbox 47 431 1101 518">
     <span class='ocr_line' id='line_1_1' title="bbox 47 431 1101 518; baseline -0.001 -28"><span class='ocrx_word' id='word_1_1' title='bbox 47 435 132 490; x_wconf 77' lang='grc' dir='ltr'><em>Ιιοετί.</em></span> <span class='ocrx_word' id='word_1_2' title='bbox 141 433 218 504; x_wconf 78' lang='lat' dir='ltr'><em>vm,</em></span> <span class='ocrx_word' id='word_1_3' title='bbox 231 437 270 518; x_wconf 58' lang='grc' dir='ltr'><em>1η</em></span> <span class='ocrx_word' id='word_1_4' title='bbox 399 434 523 490; x_wconf 77' lang='lat' dir='ltr'><strong>Clemens</strong></span> <span class='ocrx_word' id='word_1_5' title='bbox 542 433 639 490; x_wconf 86' lang='lat' dir='ltr'>Strom.</span> <span class='ocrx_word' id='word_1_6' title='bbox 767 431 772 514; x_wconf 83' lang='grc'>1</span> <span class='ocrx_word' id='word_1_7' title='bbox 925 431 1101 507; x_wconf 82' lang='lat' dir='ltr'><strong>Porphyrius.</strong></span> 
     </span>
    </p>

    <p class='ocr_par' dir='ltr' id='par_1_2' title="bbox 281 545 757 640">
     <span class='ocr_line' id='line_1_2' title="bbox 281 545 757 640; baseline -0.002 -26"><span class='ocrx_word' id='word_1_8' title='bbox 281 545 757 640; x_wconf 73' lang='grc' dir='ltr'><em>τῇσποδῷτάπονμηάπο-</em></span> 
     </span>
    </p>

    <p class='ocr_par' dir='ltr' id='par_1_3' title="bbox 282 652 757 740">
     <span class='ocr_line' id='line_1_3' title="bbox 282 652 757 740; baseline 0.013 -20"><span class='ocrx_word' id='word_1_9' title='bbox 282 657 428 739; x_wconf 79' lang='grc' dir='ltr'><em>λιπείν,</em></span> <span class='ocrx_word' id='word_1_10' title='bbox 464 652 565 722; x_wconf 86' lang='grc' dir='ltr'><em>ἀλλά</em></span> <span class='ocrx_word' id='word_1_11' title='bbox 599 667 757 740; x_wconf 81' lang='grc' dir='ltr'><em>συγχείν</em></span> 
     </span>
    </p>

    <p class='ocr_par' dir='ltr' id='par_1_4' title="bbox 282 763 758 850">
     <span class='ocr_line' id='line_1_4' title="bbox 282 763 758 850; baseline 0.004 -22"><span class='ocrx_word' id='word_1_12' title='bbox 282 769 509 850; x_wconf 86' lang='grc' dir='ltr'><em>προσέταττε</em></span> <span class='ocrx_word' id='word_1_13' title='bbox 538 770 602 828; x_wconf 76' lang='grc' dir='ltr'><em>καὶ</em></span> <span class='ocrx_word' id='word_1_14' title='bbox 629 763 758 850; x_wconf 87' lang='grc' dir='ltr'><em>ταράτ-</em></span> 
     </span>
    </p>

    <p class='ocr_par' dir='ltr' id='par_1_5' title="bbox 281 867 758 950">
     <span class='ocr_line' id='line_1_5' title="bbox 281 867 758 950; baseline 0.01 -15"><span class='ocrx_word' id='word_1_15' title='bbox 281 895 363 938; x_wconf 90' lang='grc' dir='ltr'><em>τειν</em></span> <span class='ocrx_word' id='word_1_16' title='bbox 377 867 623 948; x_wconf 73' lang='grc' dir='ltr'><em>ἀναστάντας</em></span> <span class='ocrx_word' id='word_1_17' title='bbox 639 872 678 950; x_wconf 86' lang='grc' dir='ltr'><em>έξ</em></span> <span class='ocrx_word' id='word_1_18' title='bbox 700 869 758 940; x_wconf 84' lang='grc' dir='ltr'><em>εδ-</em></span> 
     </span>
    </p>

    <p class='ocr_par' dir='ltr' id='par_1_6' title="bbox 283 975 757 1066">
     <span class='ocr_line' id='line_1_6' title="bbox 283 975 757 1066; baseline 0.008 -25"><span class='ocrx_word' id='word_1_19' title='bbox 283 981 347 1064; x_wconf 76' lang='grc' dir='ltr'><em>νῆς</em></span> <span class='ocrx_word' id='word_1_20' title='bbox 380 981 425 1042; x_wconf 86' lang='grc' dir='ltr'><em>τά</em></span> <span class='ocrx_word' id='word_1_21' title='bbox 460 977 680 1066; x_wconf 76' lang='grc' dir='ltr'><em>στρώματα·</em></span> <span class='ocrx_word' id='word_1_22' title='bbox 717 975 757 1046; x_wconf 82' lang='grc' dir='ltr'><em>οά</em></span> 
     </span>
    </p>

    <p class='ocr_par' dir='ltr' id='par_1_7' title="bbox 281 1079 758 1173">
     <span class='ocr_line' id='line_1_7' title="bbox 281 1079 758 1173; baseline 0.008 -26"><span class='ocrx_word' id='word_1_23' title='bbox 281 1083 343 1172; x_wconf 87' lang='grc' dir='ltr'><em>γάρ</em></span> <span class='ocrx_word' id='word_1_24' title='bbox 371 1086 428 1152; x_wconf 87' lang='grc' dir='ltr'><em>τὸν</em></span> <span class='ocrx_word' id='word_1_25' title='bbox 457 1085 566 1152; x_wconf 78' lang='grc' dir='ltr'><em>τύπον·</em></span> <span class='ocrx_word' id='word_1_26' title='bbox 587 1079 758 1173; x_wconf 71' lang='grc' dir='ltr'><em>ἀφανίζειν</em></span> 
     </span>
    </p>

    <p class='ocr_par' dir='ltr' id='par_1_8' title="bbox 282 1189 757 1284">
     <span class='ocr_line' id='line_1_8' title="bbox 282 1189 757 1284; baseline -0.002 -27"><span class='ocrx_word' id='word_1_27' title='bbox 282 1193 385 1276; x_wconf 83' lang='grc' dir='ltr'><em>μόνον</em></span> <span class='ocrx_word' id='word_1_28' title='bbox 412 1194 481 1259; x_wconf 78' lang='grc' dir='ltr'><em>δείν</em></span> <span class='ocrx_word' id='word_1_29' title='bbox 502 1189 650 1284; x_wconf 76' lang='grc' dir='ltr'><em>ιιἠνίττετο,</em></span> <span class='ocrx_word' id='word_1_30' title='bbox 672 1190 757 1257; x_wconf 80' lang='grc' dir='ltr'><em>ἀλλὰ</em></span> 
     </span>
    </p>

    <p class='ocr_par' dir='ltr' id='par_1_9' title="bbox 282 1296 758 1386">
     <span class='ocr_line' id='line_1_9' title="bbox 282 1296 758 1386; baseline 0.006 -25"><span class='ocrx_word' id='word_1_31' title='bbox 282 1299 362 1385; x_wconf 77' lang='grc' dir='ltr'><em>μηδὲ</em></span> <span class='ocrx_word' id='word_1_32' title='bbox 393 1296 489 1386; x_wconf 78' lang='grc' dir='ltr'><em>ὀργῆς</em></span> <span class='ocrx_word' id='word_1_33' title='bbox 523 1303 612 1382; x_wconf 79' lang='grc' dir='ltr'><em>ἴχνος</em></span> <span class='ocrx_word' id='word_1_34' title='bbox 645 1296 758 1365; x_wconf 90' lang='grc' dir='ltr'><em>ἀπολι-</em></span> 
     </span>
    </p>

    <p class='ocr_par' dir='ltr' id='par_1_10' title="bbox 283 1401 759 1484">
     <span class='ocr_line' id='line_1_10' title="bbox 283 1401 759 1484; baseline 0.002 -15"><span class='ocrx_word' id='word_1_35' title='bbox 283 1417 368 1470; x_wconf 82' lang='grc' dir='ltr'><em>πείν·</em></span> <span class='ocrx_word' id='word_1_36' title='bbox 396 1404 482 1473; x_wconf 84' lang='grc' dir='ltr'><em>έπάν</em></span> <span class='ocrx_word' id='word_1_37' title='bbox 509 1407 539 1471; x_wconf 86' lang='grc' dir='ltr'><em>δ’</em></span> <span class='ocrx_word' id='word_1_38' title='bbox 573 1401 759 1484; x_wconf 75' lang='grc' dir='ltr'><em>ἀναζέσασα</em></span> 
     </span>
    </p>

    <p class='ocr_par' dir='ltr' id='par_1_11' title="bbox 283 1513 759 1600">
     <span class='ocr_line' id='line_1_11' title="bbox 283 1513 759 1600; baseline 0.008 -24"><span class='ocrx_word' id='word_1_39' title='bbox 283 1514 441 1600; x_wconf 79' lang='grc' dir='ltr'><em>παύσηται</em></span> <span class='ocrx_word' id='word_1_40' title='bbox 458 1518 688 1579; x_wconf 71' lang='grc' dir='ltr'><em>καθίστασθαι</em></span> <span class='ocrx_word' id='word_1_41' title='bbox 702 1513 759 1580; x_wconf 83' lang='grc' dir='ltr'><em>αδ·</em></span> 
     </span>
    </p>

    <p class='ocr_par' dir='ltr' id='par_1_12' title="bbox 283 1617 759 1708">
     <span class='ocr_line' id='line_1_12' title="bbox 283 1617 759 1708; baseline 0.008 -24"><span class='ocrx_word' id='word_1_42' title='bbox 283 1617 340 1705; x_wconf 75' lang='grc' dir='ltr'><em>τὴν</em></span> <span class='ocrx_word' id='word_1_43' title='bbox 362 1629 416 1686; x_wconf 73' lang='grc' dir='ltr'><em>καὶ</em></span> <span class='ocrx_word' id='word_1_44' title='bbox 431 1627 544 1688; x_wconf 85' lang='grc' dir='ltr'><em>πᾶσαν</em></span> <span class='ocrx_word' id='word_1_45' title='bbox 564 1619 759 1708; x_wconf 81' lang='grc' dir='ltr'><em>ἀπαλείφειν</em></span> 
     </span>
    </p>

    <p class='ocr_par' dir='ltr' id='par_1_13' title="bbox 282 1733 502 1814">
     <span class='ocr_line' id='line_1_13' title="bbox 282 1733 502 1814; baseline 0.018 -22"><span class='ocrx_word' id='word_1_46' title='bbox 282 1733 502 1814; x_wconf 80' lang='grc' dir='ltr'><em>μνησικακίαν.</em></span> 
     </span>
    </p>

    <p class='ocr_par' dir='ltr' id='par_1_14' title="bbox 284 1833 760 1926">
     <span class='ocr_line' id='line_1_14' title="bbox 284 1833 760 1926; baseline 0.002 -27"><span class='ocrx_word' id='word_1_47' title='bbox 284 1835 314 1900; x_wconf 90' lang='grc'><em>3.</em></span> <span class='ocrx_word' id='word_1_48' title='bbox 338 1833 388 1922; x_wconf 77' lang='grc' dir='ltr'><em>τῷ</em></span> <span class='ocrx_word' id='word_1_49' title='bbox 410 1833 531 1925; x_wconf 82' lang='grc' dir='ltr'><em>ὁμοίῳ</em></span> <span class='ocrx_word' id='word_1_50' title='bbox 551 1837 682 1926; x_wconf 76' lang='grc' dir='ltr'><em>τρόπῳ</em></span> <span class='ocrx_word' id='word_1_51' title='bbox 697 1837 760 1901; x_wconf 79' lang='grc' dir='ltr'><em>καὶ</em></span> 
     </span>
    </p>

    <p class='ocr_par' dir='ltr' id='par_1_15' title="bbox 282 1939 760 2029">
     <span class='ocr_line' id='line_1_15' title="bbox 282 1939 760 2029; baseline 0.008 -25"><span class='ocrx_word' id='word_1_52' title='bbox 282 1939 302 2024; x_wconf 72' lang='grc' dir='ltr'><em>ἢ</em></span> <span class='ocrx_word' id='word_1_53' title='bbox 338 1947 448 2029; x_wconf 81' lang='grc' dir='ltr'><em>κοίτη</em></span> <span class='ocrx_word' id='word_1_54' title='bbox 473 1941 760 2029; x_wconf 71' lang='grc' dir='ltr'><em>’ταράσσεσθαι</em></span> 
     </span>
    </p>

    <p class='ocr_par' dir='ltr' id='par_1_16' title="bbox 285 2048 760 2137">
     <span class='ocr_line' id='line_1_16' title="bbox 285 2048 760 2137; baseline 0.013 -28"><span class='ocrx_word' id='word_1_55' title='bbox 285 2062 556 2132; x_wconf 87' lang='grc' dir='ltr'><em>παραινείται,</em></span> <span class='ocrx_word' id='word_1_56' title='bbox 603 2048 645 2126; x_wconf 77' lang='grc' dir='ltr'><em>ὡς</em></span> <span class='ocrx_word' id='word_1_57' title='bbox 680 2048 760 2137; x_wconf 76' lang='grc' dir='ltr'><em>μήτε</em></span> 
     </span>
    </p>

    <p class='ocr_par' dir='ltr' id='par_1_17' title="bbox 284 2149 760 2246">
     <span class='ocr_line' id='line_1_17' title="bbox 284 2149 760 2246; baseline 0.015 -29"><span class='ocrx_word' id='word_1_58' title='bbox 284 2149 483 2239; x_wconf 82' lang='grc' dir='ltr'><em>ἀνειραγμοῦ</em></span> <span class='ocrx_word' id='word_1_59' title='bbox 498 2179 583 2233; x_wconf 91' lang='grc' dir='ltr'><em>τινος</em></span> <span class='ocrx_word' id='word_1_60' title='bbox 600 2159 682 2246; x_wconf 77' lang='grc' dir='ltr'><em>μηδὲ</em></span> <span class='ocrx_word' id='word_1_61' title='bbox 696 2156 760 2243; x_wconf 77' lang='grc' dir='ltr'><em>μὴν</em></span> 
     </span>
    </p>

    <p class='ocr_par' dir='ltr' id='par_1_18' title="bbox 285 2257 758 2350">
     <span class='ocr_line' id='line_1_18' title="bbox 285 2257 758 2350; baseline 0.011 -27"><span class='ocrx_word' id='word_1_62' title='bbox 285 2257 387 2325; x_wconf 84' lang='grc' dir='ltr'><em>ὕπνου</em></span> <span class='ocrx_word' id='word_1_63' title='bbox 416 2263 494 2346; x_wconf 88' lang='grc' dir='ltr'><em>μεθ’</em></span> <span class='ocrx_word' id='word_1_64' title='bbox 520 2263 643 2350; x_wconf 73' lang='grc' dir='ltr'><em>ἡμέραν</em></span> <span class='ocrx_word' id='word_1_65' title='bbox 671 2261 758 2329; x_wconf 82' lang='grc' dir='ltr'><em>ἀλλὰ</em></span> 
     </span>
    </p>

    <p class='ocr_par' dir='ltr' id='par_1_19' title="bbox 284 2367 760 2458">
     <span class='ocr_line' id='line_1_19' title="bbox 284 2367 760 2458; baseline 0.015 -29"><span class='ocrx_word' id='word_1_66' title='bbox 284 2367 364 2452; x_wconf 82' lang='grc' dir='ltr'><em>μηδὲ</em></span> <span class='ocrx_word' id='word_1_67' title='bbox 385 2368 440 2456; x_wconf 82' lang='grc' dir='ltr'><em>τῆς</em></span> <span class='ocrx_word' id='word_1_68' title='bbox 463 2369 500 2435; x_wconf 83' lang='grc' dir='ltr'><em>έν</em></span> <span class='ocrx_word' id='word_1_69' title='bbox 528 2377 617 2434; x_wconf 79' lang='grc' dir='ltr'><em>νυκτί</em></span> <span class='ocrx_word' id='word_1_70' title='bbox 643 2369 760 2458; x_wconf 77' lang='grc' dir='ltr'><em>η’δονης</em></span> 
     </span>
    </p>

    <p class='ocr_par' dir='ltr' id='par_1_20' title="bbox 283 2477 547 2560">
     <span class='ocr_line' id='line_1_20' title="bbox 283 2477 547 2560; baseline 0.015 -22"><span class='ocrx_word' id='word_1_71' title='bbox 283 2479 470 2560; x_wconf 79' lang='grc' dir='ltr'><em>μεμνῆσθαι</em></span> <span class='ocrx_word' id='word_1_72' title='bbox 493 2477 547 2544; x_wconf 82' lang='grc' dir='ltr'><em>ἔτι.</em></span> 
     </span>
    </p>

    <p class='ocr_par' dir='ltr' id='par_1_21' title="bbox 285 2581 760 2670">
     <span class='ocr_line' id='line_1_21' title="bbox 285 2581 760 2670; baseline 0.013 -27"><span class='ocrx_word' id='word_1_73' title='bbox 285 2581 315 2644; x_wconf 87' lang='grc'><em>4.</em></span> <span class='ocrx_word' id='word_1_74' title='bbox 340 2581 442 2647; x_wconf 87' lang='grc' dir='ltr'><em>πάλιν</em></span> <span class='ocrx_word' id='word_1_75' title='bbox 492 2582 557 2647; x_wconf 76' lang='grc' dir='ltr'><em>έπί</em></span> <span class='ocrx_word' id='word_1_76' title='bbox 605 2589 666 2670; x_wconf 79' lang='grc' dir='ltr'><em>γῆς</em></span> <span class='ocrx_word' id='word_1_77' title='bbox 713 2587 760 2670; x_wconf 78' lang='grc' dir='ltr'><em>μὴ</em></span> 
     </span>
    </p>

    <p class='ocr_par' dir='ltr' id='par_1_22' title="bbox 286 2685 761 2776">
     <span class='ocr_line' id='line_1_22' title="bbox 286 2685 761 2776; baseline 0.013 -26"><span class='ocrx_word' id='word_1_78' title='bbox 286 2685 402 2754; x_wconf 83' lang='grc' dir='ltr'><em>πλετν</em></span> <span class='ocrx_word' id='word_1_79' title='bbox 434 2689 665 2776; x_wconf 84' lang='grc' dir='ltr'><em>Πυθαγόρειόν</em></span> <span class='ocrx_word' id='word_1_80' title='bbox 694 2691 761 2756; x_wconf 82' lang='grc' dir='ltr'><em>έστι</em></span> 
     </span>
    </p>

    <p class='ocr_par' dir='ltr' id='par_1_23' title="bbox 284 2793 760 2884">
     <span class='ocr_line' id='line_1_23' title="bbox 284 2793 760 2884; baseline 0.015 -29"><span class='ocrx_word' id='word_1_81' title='bbox 284 2793 461 2878; x_wconf 77' lang='grc' dir='ltr'><em>σύμβολον·</em></span> <span class='ocrx_word' id='word_1_82' title='bbox 479 2795 574 2883; x_wconf 71' lang='grc' dir='ltr'><em>δηλοῖ</em></span> <span class='ocrx_word' id='word_1_83' title='bbox 586 2798 623 2862; x_wconf 72' lang='grc' dir='ltr'><em>δέ</em></span> <span class='ocrx_word' id='word_1_84' title='bbox 633 2797 673 2862; x_wconf 84' lang='grc' dir='ltr'><em>τά</em></span> <span class='ocrx_word' id='word_1_85' title='bbox 686 2797 760 2884; x_wconf 87' lang='grc' dir='ltr'><em>τέλη</em></span> 
     </span>
    </p>

    <p class='ocr_par' dir='ltr' id='par_1_24' title="bbox 284 2899 760 2991">
     <span class='ocr_line' id='line_1_24' title="bbox 284 2899 760 2991; baseline 0.011 -26"><span class='ocrx_word' id='word_1_86' title='bbox 284 2908 338 2966; x_wconf 81' lang='grc' dir='ltr'><em>καί</em></span> <span class='ocrx_word' id='word_1_87' title='bbox 359 2905 402 2966; x_wconf 83' lang='grc' dir='ltr'><em>τά</em></span> <span class='ocrx_word' id='word_1_88' title='bbox 426 2899 524 2988; x_wconf 86' lang='grc' dir='ltr'><em>ὅμοια</em></span> <span class='ocrx_word' id='word_1_89' title='bbox 552 2905 615 2970; x_wconf 80' lang='grc' dir='ltr'><em>τῶν</em></span> <span class='ocrx_word' id='word_1_90' title='bbox 636 2909 760 2991; x_wconf 86' lang='grc' dir='ltr'><em>μισθα-</em></span> 
     </span>
    </p>

    <p class='ocr_par' dir='ltr' id='par_1_25' title="bbox 283 3007 761 3098">
     <span class='ocr_line' id='line_1_25' title="bbox 283 3007 761 3098; baseline 0.008 -26"><span class='ocrx_word' id='word_1_91' title='bbox 283 3007 396 3090; x_wconf 87' lang='grc' dir='ltr'><em>μάτων</em></span> <span class='ocrx_word' id='word_1_92' title='bbox 411 3009 584 3098; x_wconf 78' lang='grc' dir='ltr'><em>ταραχώδη</em></span> <span class='ocrx_word' id='word_1_93' title='bbox 595 3013 649 3076; x_wconf 78' lang='grc' dir='ltr'><em>καί</em></span> <span class='ocrx_word' id='word_1_94' title='bbox 664 3013 761 3076; x_wconf 85' lang='grc' dir='ltr'><em>ἀστα-</em></span> 
     </span>
    </p>

    <p class='ocr_par' dir='ltr' id='par_1_26' title="bbox 57 3117 1263 3641">
     <span class='ocr_line' id='line_1_26' title="bbox 283 3117 758 3204; baseline 0.011 -24"><span class='ocrx_word' id='word_1_95' title='bbox 283 3137 325 3180; x_wconf 85' lang='grc' dir='ltr'><em>τα</em></span> <span class='ocrx_word' id='word_1_96' title='bbox 338 3117 420 3184; x_wconf 81' lang='grc' dir='ltr'><em>ὄντα</em></span> <span class='ocrx_word' id='word_1_97' title='bbox 431 3123 665 3204; x_wconf 73' lang='grc' dir='ltr'><em>παραιτεῖσθαι</em></span> <span class='ocrx_word' id='word_1_98' title='bbox 680 3119 758 3186; x_wconf 87' lang='grc' dir='ltr'><em>δείν.</em></span> 
     </span>
     <span class='ocr_line' id='line_1_27' title="bbox 57 3217 1263 3311; baseline 0.013 -28"><span class='ocrx_word' id='word_1_99' title='bbox 57 3217 97 3306; x_wconf 77' lang='grc' dir='ltr'><em>[ἓν</em></span> <span class='ocrx_word' id='word_1_100' title='bbox 136 3226 255 3291; x_wconf 84' lang='grc' dir='ltr'><em>δακτυ-</em></span> <span class='ocrx_word' id='word_1_101' title='bbox 285 3225 314 3288; x_wconf 90' lang='grc'><em>6.</em></span> <span class='ocrx_word' id='word_1_102' title='bbox 332 3221 435 3290; x_wconf 86' lang='grc' dir='ltr'><em>πάλιν</em></span> <span class='ocrx_word' id='word_1_103' title='bbox 451 3223 480 3288; x_wconf 88' lang='grc' dir='ltr'><em>δ’</em></span> <span class='ocrx_word' id='word_1_104' title='bbox 495 3221 761 3292; x_wconf 75' lang='grc' dir='ltr'><em>αιῖδακτάλιον</em></span> <span class='ocrx_word' id='word_1_105' title='bbox 791 3236 839 3300; x_wconf 87' lang='grc'><em>10,</em></span> <span class='ocrx_word' id='word_1_106' title='bbox 876 3239 980 3300; x_wconf 83' lang='grc' dir='ltr'><em>θεῶν</em></span> <span class='ocrx_word' id='word_1_107' title='bbox 1024 3231 1179 3311; x_wconf 77' lang='grc' dir='ltr'><em>εἰκόνας</em></span> <span class='ocrx_word' id='word_1_108' title='bbox 1222 3233 1263 3301; x_wconf 78' lang='grc' dir='ltr'><em>έν</em></span> 
     </span>
     <span class='ocr_line' id='line_1_28' title="bbox 57 3327 1263 3430; baseline 0.014 -40"><span class='ocrx_word' id='word_1_109' title='bbox 57 3327 105 3414; x_wconf 84' lang='grc' dir='ltr'><em>λίφ</em></span> <span class='ocrx_word' id='word_1_110' title='bbox 145 3333 255 3400; x_wconf 86' lang='grc' dir='ltr'><em>είκάνα</em></span> <span class='ocrx_word' id='word_1_111' title='bbox 282 3329 761 3418; x_wconf 74' lang='grc' dir='ltr'><em>μήφορείνμηδὲείκόνας</em></span> <span class='ocrx_word' id='word_1_112' title='bbox 788 3339 1011 3416; x_wconf 83' lang='grc' dir='ltr'><em>δακτυλίοις</em></span> <span class='ocrx_word' id='word_1_113' title='bbox 1048 3341 1095 3427; x_wconf 85' lang='grc' dir='ltr'><em>μη</em></span> <span class='ocrx_word' id='word_1_114' title='bbox 1130 3345 1263 3430; x_wconf 86' lang='grc' dir='ltr'><em>φέρειν</em></span> 
     </span>
     <span class='ocr_line' id='line_1_29' title="bbox 59 3433 1263 3534; baseline 0.014 -39"><span class='ocrx_word' id='word_1_115' title='bbox 59 3439 128 3504; x_wconf 78' lang='grc' dir='ltr'><em>θεοῦ</em></span> <span class='ocrx_word' id='word_1_116' title='bbox 142 3438 185 3527; x_wconf 76' lang='grc' dir='ltr'><em>μὴ</em></span> <span class='ocrx_word' id='word_1_117' title='bbox 202 3465 256 3504; x_wconf 84' lang='grc' dir='ltr'><em>πε-</em></span> <span class='ocrx_word' id='word_1_118' title='bbox 283 3433 417 3513; x_wconf 81' lang='grc' dir='ltr'><em>αδτοΐς</em></span> <span class='ocrx_word' id='word_1_119' title='bbox 504 3439 760 3527; x_wconf 85' lang='grc' dir='ltr'><em>έγχαράσσειν</em></span> <span class='ocrx_word' id='word_1_120' title='bbox 787 3451 924 3512; x_wconf 80' lang='grc' dir='ltr'><em>τουτέστι</em></span> <span class='ocrx_word' id='word_1_121' title='bbox 947 3445 1003 3534; x_wconf 81' lang='grc' dir='ltr'><em>την</em></span> <span class='ocrx_word' id='word_1_122' title='bbox 1018 3449 1082 3514; x_wconf 77' lang='grc' dir='ltr'><em>τῶν</em></span> <span class='ocrx_word' id='word_1_123' title='bbox 1100 3451 1190 3514; x_wconf 79' lang='grc' dir='ltr'><em>θεῶν</em></span> <span class='ocrx_word' id='word_1_124' title='bbox 1212 3445 1263 3512; x_wconf 87' lang='grc' dir='ltr'><em>δό-</em></span> 
     </span>
     <span class='ocr_line' id='line_1_30' title="bbox 58 3543 1263 3641; baseline 0.012 -34"><span class='ocrx_word' id='word_1_125' title='bbox 58 3547 211 3632; x_wconf 85' lang='grc' dir='ltr'><em>ριφέρειν].</em></span> <span class='ocrx_word' id='word_1_126' title='bbox 284 3543 388 3610; x_wconf 75' lang='grc' dir='ltr'><em>θεῶν</em></span> <span class='ocrx_word' id='word_1_127' title='bbox 436 3551 605 3632; x_wconf 78' lang='grc' dir='ltr'><em>παρεγγυᾷ</em></span> <span class='ocrx_word' id='word_1_128' title='bbox 650 3546 668 3612; x_wconf 84' lang='grc' dir='ltr'><em>δ</em></span> <span class='ocrx_word' id='word_1_129' title='bbox 718 3552 757 3615; x_wconf 87' lang='grc' dir='ltr'><em>Π.</em></span> <span class='ocrx_word' id='word_1_130' title='bbox 788 3558 848 3632; x_wconf 84' lang='grc' dir='ltr'><em>ξαν</em></span> <span class='ocrx_word' id='word_1_131' title='bbox 881 3561 937 3620; x_wconf 81' lang='grc' dir='ltr'><em>καί</em></span> <span class='ocrx_word' id='word_1_132' title='bbox 970 3553 1069 3634; x_wconf 84' lang='grc' dir='ltr'><em>λόγον</em></span> <span class='ocrx_word' id='word_1_133' title='bbox 1091 3553 1263 3641; x_wconf 84' lang='grc' dir='ltr'><em>πρόχειρον</em></span> 
     </span>
    </p>

    <p class='ocr_par' dir='ltr' id='par_1_27' title="bbox 284 3649 1263 3750">
     <span class='ocr_line' id='line_1_31' title="bbox 284 3649 1263 3750; baseline 0.012 -37"><span class='ocrx_word' id='word_1_134' title='bbox 284 3649 467 3730; x_wconf 76' lang='grc' dir='ltr'><em>ἐξευτελίζει</em></span> <span class='ocrx_word' id='word_1_135' title='bbox 505 3653 568 3742; x_wconf 84' lang='grc' dir='ltr'><em>γάρ</em></span> <span class='ocrx_word' id='word_1_136' title='bbox 608 3656 666 3739; x_wconf 78' lang='grc' dir='ltr'><em>τὴν</em></span> <span class='ocrx_word' id='word_1_137' title='bbox 703 3657 759 3722; x_wconf 78' lang='grc' dir='ltr'><em>τοῦ</em></span> <span class='ocrx_word' id='word_1_138' title='bbox 787 3662 867 3750; x_wconf 77' lang='grc' dir='ltr'><em>μηδὲ</em></span> <span class='ocrx_word' id='word_1_139' title='bbox 898 3659 1042 3750; x_wconf 83' lang='grc' dir='ltr'><em>φανερὸν</em></span> <span class='ocrx_word' id='word_1_140' title='bbox 1072 3659 1157 3744; x_wconf 78' lang='grc' dir='ltr'><em>ἔχειν</em></span> <span class='ocrx_word' id='word_1_141' title='bbox 1183 3660 1263 3748; x_wconf 79' lang='grc' dir='ltr'><em>μηδὲ</em></span> 
     </span>
    </p>

    <p class='ocr_par' dir='ltr' id='par_1_28' title="bbox 284 3759 1197 3856">
     <span class='ocr_line' id='line_1_32' title="bbox 284 3759 1197 3856; baseline 0.018 -36"><span class='ocrx_word' id='word_1_142' title='bbox 284 3761 377 3823; x_wconf 88' lang='grc' dir='ltr'><em>θείου</em></span> <span class='ocrx_word' id='word_1_143' title='bbox 401 3759 574 3846; x_wconf 81' lang='grc' dir='ltr'><em>σεμνότητα</em></span> <span class='ocrx_word' id='word_1_144' title='bbox 596 3759 614 3846; x_wconf 77' lang='grc' dir='ltr'><strong><em>ἡ</em></strong></span> <span class='ocrx_word' id='word_1_145' title='bbox 633 3761 668 3828; x_wconf 86' lang='grc' dir='ltr'><em>έν</em></span> <span class='ocrx_word' id='word_1_146' title='bbox 684 3761 759 3829; x_wconf 82' lang='grc' dir='ltr'><em>ἑτοί-</em></span> <span class='ocrx_word' id='word_1_147' title='bbox 787 3771 832 3846; x_wconf 82' lang='grc' dir='ltr'><em>τίς</em></span> <span class='ocrx_word' id='word_1_148' title='bbox 854 3766 991 3844; x_wconf 75' lang='grc' dir='ltr'><em>πολλοὺς</em></span> <span class='ocrx_word' id='word_1_149' title='bbox 1014 3771 1197 3856; x_wconf 86' lang='grc' dir='ltr'><em>προφέρειν.</em></span> 
     </span>
    </p>

    <p class='ocr_par' dir='ltr' id='par_1_29' title="bbox 60 3867 1263 4170">
     <span class='ocr_line' id='line_1_33' title="bbox 283 3867 758 3956; baseline 0.023 -28"><span class='ocrx_word' id='word_1_150' title='bbox 283 3889 332 3951; x_wconf 85' lang='grc' dir='ltr'><em>μφ</em></span> <span class='ocrx_word' id='word_1_151' title='bbox 354 3872 409 3950; x_wconf 79' lang='grc' dir='ltr'><em>της</em></span> <span class='ocrx_word' id='word_1_152' title='bbox 432 3867 541 3952; x_wconf 80' lang='grc' dir='ltr'><em>ὄψεως</em></span> <span class='ocrx_word' id='word_1_153' title='bbox 559 3869 717 3956; x_wconf 75' lang='grc' dir='ltr'><em>συνήθεια</em></span> <span class='ocrx_word' id='word_1_154' title='bbox 730 3923 758 3939; x_wconf 92' lang='grc'><em>..</em></span> 
     </span>
     <span class='ocr_line' id='line_1_34' title="bbox 60 3967 1263 4070; baseline 0.014 -38"><span class='ocrx_word' id='word_1_155' title='bbox 60 3967 257 4061; x_wconf 82' lang='grc' dir='ltr'><em>[τδςλεαφδ-</em></span> <span class='ocrx_word' id='word_1_156' title='bbox 286 3969 761 4062; x_wconf 81' lang='grc' dir='ltr'><em>7.τάςλεωφόρουςόδούς</em></span> <span class='ocrx_word' id='word_1_157' title='bbox 789 3985 818 4048; x_wconf 84' lang='grc'><em>7.</em></span> <span class='ocrx_word' id='word_1_158' title='bbox 853 3980 919 4058; x_wconf 85' lang='grc' dir='ltr'><em>τάς</em></span> <span class='ocrx_word' id='word_1_159' title='bbox 957 3979 1179 4069; x_wconf 83' lang='grc' dir='ltr'><em>λεωφόρους</em></span> <span class='ocrx_word' id='word_1_160' title='bbox 1215 3982 1263 4070; x_wconf 79' lang='grc' dir='ltr'><em>μὴ</em></span> 
     </span>
     <span class='ocr_line' id='line_1_35' title="bbox 60 4073 1263 4170; baseline 0.017 -32"><span class='ocrx_word' id='word_1_161' title='bbox 60 4091 122 4150; x_wconf 79' lang='grc' dir='ltr'><em>ρους</em></span> <span class='ocrx_word' id='word_1_162' title='bbox 141 4073 184 4160; x_wconf 80' lang='grc' dir='ltr'><em>μὴ</em></span> <span class='ocrx_word' id='word_1_163' title='bbox 199 4081 257 4159; x_wconf 79' lang='grc' dir='ltr'><em>βα·</em></span> <span class='ocrx_word' id='word_1_164' title='bbox 285 4079 462 4160; x_wconf 77' lang='grc' dir='ltr'><em>βαδίζειν</em></span> <span class='ocrx_word' id='word_1_165' title='bbox 492 4081 760 4168; x_wconf 75' lang='grc' dir='ltr'><em>προστάττειν</em></span> <span class='ocrx_word' id='word_1_166' title='bbox 786 4088 979 4170; x_wconf 76' lang='grc' dir='ltr'><em>βαδίζειν,</em></span> <span class='ocrx_word' id='word_1_167' title='bbox 1003 4087 1043 4152; x_wconf 89' lang='grc' dir='ltr'><em>δι’</em></span> <span class='ocrx_word' id='word_1_168' title='bbox 1061 4081 1099 4154; x_wconf 80' lang='grc' dir='ltr'><em>οὗ</em></span> <span class='ocrx_word' id='word_1_169' title='bbox 1113 4101 1184 4166; x_wconf 74' lang='grc' dir='ltr'><em>ταῖς</em></span> <span class='ocrx_word' id='word_1_170' title='bbox 1199 4097 1263 4158; x_wconf 80' lang='grc' dir='ltr'><em>τῶν</em></span> 
     </span>
    </p>
   </div>
   <div class='ocr_carea' id='block_1_2' title="bbox 60 4175 1262 4357">
    <p class='ocr_par' dir='ltr' id='par_1_30' title="bbox 60 4175 1262 4357">
     <span class='ocr_line' id='line_1_36' title="bbox 60 4175 1262 4285; baseline 0.024 -49"><span class='ocrx_word' id='word_1_171' title='bbox 60 4175 166 4264; x_wconf 85' lang='grc' dir='ltr'><em>δίζειν].</em></span> <span class='ocrx_word' id='word_1_172' title='bbox 284 4187 333 4270; x_wconf 77' lang='grc' dir='ltr'><em>μη</em></span> <span class='ocrx_word' id='word_1_173' title='bbox 369 4185 453 4253; x_wconf 72' lang='grc' dir='ltr'><em>δεῖν</em></span> <span class='ocrx_word' id='word_1_174' title='bbox 488 4198 556 4263; x_wconf 73' lang='grc' dir='ltr'><em>ταῖς</em></span> <span class='ocrx_word' id='word_1_175' title='bbox 590 4193 654 4255; x_wconf 79' lang='grc' dir='ltr'><em>τοῖν</em></span> <span class='ocrx_word' id='word_1_176' title='bbox 682 4193 759 4257; x_wconf 88' lang='grc' dir='ltr'><em>πολ·</em></span> <span class='ocrx_word' id='word_1_177' title='bbox 787 4195 919 4261; x_wconf 85' lang='grc' dir='ltr'><em>πολλῶν</em></span> <span class='ocrx_word' id='word_1_178' title='bbox 948 4199 1090 4260; x_wconf 70' lang='grc' dir='ltr'><em>ἕπεσθαι</em></span> <span class='ocrx_word' id='word_1_179' title='bbox 1119 4197 1262 4285; x_wconf 83' lang='grc' dir='ltr'><em>γνοίμαις</em></span> 
     </span>
     <span class='ocr_line' id='line_1_37' title="bbox 105 4283 1086 4357; baseline 0.033 -32"><span class='ocrx_word' id='word_1_180' title='bbox 105 4283 209 4341; x_wconf 64' lang='grc' dir='ltr'><em>ευαιις.</em></span> <span class='ocrx_word' id='word_1_181' title='bbox 224 4287 421 4345; x_wconf 68' lang='grc' dir='ltr'><em>υιιεηετεειιμι</em></span> <span class='ocrx_word' id='word_1_182' title='bbox 431 4291 470 4332; x_wconf 88' lang='lat'>111.</span> <span class='ocrx_word' id='word_1_183' title='bbox 1068 4303 1086 4357; x_wconf 82' lang='grc' dir='ltr'><em>’ί</em></span> 
     </span>
    </p>
   </div>
   <div class='ocr_carea' id='block_1_3' title="bbox 0 0 1519 4858">
    <p class='ocr_par' dir='ltr' id='par_1_31' title="bbox 0 0 1519 4858">
     <span class='ocr_line' id='line_1_38' title="bbox 0 0 1519 4858; baseline 0 0"><span class='ocrx_word' id='word_1_184' title='bbox 0 0 1519 4858; x_wconf 95' lang='lat' dir='ltr'><em> </em></span> 
     </span>
    </p>
   </div>
  </div>
 </body>
</html>
