3016 4858
224 181 267 244 94

221 375 280 438 per
297 356 487 422 Favorinum
503 355 688 437 pervenisse
704 355 801 420 etiam
817 355 1047 440 Hieronymum
1070 355 1103 421 in
1118 355 1324 421 Laertianam
1345 353 1442 420 larm-

222 465 344 546 ginem;
370 467 542 545 praeterea
565 463 728 528 inventum
752 462 913 544 quoddam
938 463 1183 546 astrologicam,
1208 464 1360 545 quomam
1382 481 1442 526 ma

221 569 340 635 nilesto
353 565 407 652 1οτ)
431 588 470 634 ex
494 569 843 650 apomnemoneumatis
866 570 1016 634 Favorini
1039 568 1140 636 fluxit

312 677 360 742 De
384 676 518 758 reliquis
541 677 570 741 si
594 676 833 758 praeplacuerit
859 676 1004 758 haerere,
1029 697 1092 743 uon
1117 675 1290 742 intercedo.

479 945 511 1010 4.
546 945 587 1010 lle
612 945 743 1010 Fauorini
767 945 915 1026 dogmahs
939 944 1188 1026 philosophorum.

313 1106 350 1172 la
374 1111 562 1170 transcursu
593 1123 664 1170 eam
693 1105 851 1186 attIngam
878 1105 1100 1187 quaestionem
1115 1117 1211 1186 ‘quae
1235 1109 1286 1168 est
1308 1103 1348 1168 de
1371 1101 1444 1182 dog·

222 1219 343 1278 matum
372 1211 635 1294 philosophorum
660 1211 906 1276 Laertianorum
936 1211 1070 1293 origine.
1117 1209 1301 1276 Nietaschei
1327 1209 1445 1291 opinior

222 1339 295 1385 nem
331 1321 378 1383 ita
405 1337 504 1401 supra
539 1318 792 1398 emendavimus,
822 1321 860 1381 ut
887 1317 989 1382 solam
1018 1323 1201 1382 accuratam
1237 1317 1319 1381 κατὰ
1353 1318 1446 1400 μέρος

224 1426 441 1490 recensionem
471 1425 663 1506 placitorum
692 1424 872 1490 Stoicorum
900 1424 1005 1490 Diocli
1035 1425 1253 1492 redderemus.
1301 1423 1382 1502 Quid
1408 1421 1444 1484 de

223 1532 424 1598 brevioribus
440 1529 678 1616 κεφαλαιωδῶς
692 1531 948 1596 commemoratis
961 1532 1168 1598 sumendum
1180 1532 1225 1596 sit
1240 1532 1442 1614 disceptatur.

314 1639 450 1704 Solitum
479 1637 624 1720 quamvis
653 1655 716 1702 non
745 1643 946 1704 constantem
972 1657 1094 1705 morem
1119 1639 1271 1704 Laertius
1294 1637 1444 1720 seqnitur,

224 1753 260 1812 ut
282 1747 515 1828 bipartitam
540 1745 742 1810 decretorum
767 1744 918 1810 exhibeat
940 1745 1111 1828 syllogam,
1135 1746 1170 1811 id
1193 1746 1280 1828 qnod
1302 1746 1371 1828 ipse
1394 1741 1445 1806 ad·

223 1853 331 1920 firmat
343 1853 404 1918 VII
416 1853 468 1918 38.
495 1853 595 1930 Quem
608 1857 824 1917 exauctorem
837 1851 1028 1916 diversitate
1044 1851 1266 1934 explicandum
1283 1869 1353 1918 esse
1368 1848 1446 1916 uidit

224 1960 423 2026 Bahnschius
449 1956 493 2046 [p.
519 1960 561 2024 43
587 1955 659 2045 eq.],
685 1959 835 2040 probavit
857 1957 1019 2024 Dielesius
1048 1955 1263 2046 [doxographi
1286 1959 1391 2042 graeci
1413 1975 1441 2038 p.

227 2069 288 2132 163
317 2063 413 2153 sqq.].
460 2066 621 2132 Dielesius
650 2067 786 2130 alteram
815 2084 853 2130 ex
882 2065 1007 2131 diutino
1037 2066 1158 2132 Laertii
1188 2067 1296 2132 studio
1324 2063 1444 2130 addidit

226 2174 481 2240 observationem
509 2171 598 2236 iliam
632 2171 902 2255 compendiariam
930 2173 1108 2238 doctrinam
1138 2173 1233 2238 slmul
1269 2191 1339 2238 cum
1372 2169 1443 2236 ritis

226 2281 385 2346 invenisse
424 2281 597 2346 Laertium.
654 2280 827 2346 Videamus
865 2285 1024 2361 quatenus
1063 2284 1176 2346 nostra
1215 2279 1362 2362 quaestio
1400 2273 1442 2340 illi

225 2388 341 2452 iaveat.

315 2513 342 2558 a.
370 2495 414 2558 he
438 2494 574 2576 primurn
590 2494 718 2576 quidem
743 2493 975 2559 ostendendum
998 2499 1049 2558 est
1064 2511 1179 2574 reapse
1202 2491 1303 2558 luisse
1326 2493 1358 2558 in
1381 2491 1442 2556 bio

226 2601 349 2684 grapho
385 2601 557 2666 Laertiano
593 2601 732 2665 decreta.
785 2600 960 2666 Ostendam
996 2600 1036 2665 de
1071 2600 1358 2683 Pythagoricis.
1403 2596 1443 2662 Ut

225 2709 428 2791 Pythagorae
458 2707 610 2790 dogmata
638 2725 696 2789 per
719 2713 822 2773 totam
850 2707 936 2772 vitae
965 2707 1214 2790 descriptionem
1241 2709 1442 2790 neglegenter

226 2816 391 2897 dispersae
415 2815 490 2894 sint,
514 2815 616 2896 ipsius
640 2813 762 2879 Laertii
786 2819 837 2879 est
859 2814 1054 2894 institutum,
1078 2815 1198 2897 quippe
1214 2816 1269 2898 qui
1293 2815 1442 2897 originem

227 2922 393 2987 doctrinae
416 2939 493 2986 suae
517 2921 642 2985 celandi
667 2939 764 2986 causa
787 2921 820 2985 in
843 2921 919 2986 vitis
942 2921 1027 2985 idem
1055 2921 1171 2986 iecisse
1198 2922 1335 2987 allorum
1366 2937 1442 2986 com·

226 3029 395 3112 paratione
426 3066 464 3074 -
495 3027 665 3110 Porphyrii
699 3027 891 3109 praesertim
920 3063 965 3074 -
993 3033 1159 3110 arguatur.
1217 3029 1335 3094 Utrum
1368 3025 1442 3091 κατὰ

226 3140 324 3222 μέρος
351 3155 392 3200 an
421 3133 653 3220 κεφαλαιωδῶς
675 3133 890 3216 Pythagorica
918 3135 1117 3200 recensuerit
1144 3135 1265 3216 placita
1294 3136 1364 3218 ipse
1390 3149 1442 3198 noc

226 3245 308 3309 dixit
331 3261 390 3306 nec
419 3243 500 3306 scIre
531 3241 662 3306 attinet:
692 3242 773 3306 satis
797 3242 956 3323 estquod
979 3260 1231 3324 nuncpropono
1256 3243 1443 3326 ‘dogmata

226 3351 367 3416 illaad
391 3347 599 3430 biographi
621 3347 657 3414 L.
682 3348 903 3412 memoriam
927 3366 1011 3413 esse
1034 3350 1274 3416 revocanda'.

294 3457 443 3522 Laertius
466 3456 546 3520 haee
569 3455 710 3520 breviter
733 3453 906 3534 adscripsit
928 3455 1072 3537 symbola
1095 3456 1181 3536 vlu,
1210 3459 1249 3520 17
1274 3475 1358 3539 spa:

227 3601 440 3612 ........-.--·--·-

299 3659 349 3730 ¹⁰⁷)
358 3659 398 3714 CI.
409 3661 499 3714 Laert
506 3657 544 3712 IX
556 3657 752 3729 [Parmenides]
762 3659 809 3714 23:
969 3659 1062 3714 Iracrt.
1080 3657 1149 3714 VIII
1167 3657 1273 3729 [eyia]
1296 3662 1340 3716 14:

226 3752 272 3804 ani
291 3752 363 3804 dorsi
382 3751 483 3820 πρῶτος
497 3752 686 3818 πεφωρακέναι
700 3749 745 3802 τὸν
762 3747 809 3800 αὐ-
863 3745 967 3817 πρῶτόν
996 3747 1024 3800 θ’
1047 3745 1181 3818 Ἕσπερον
1215 3750 1262 3802 καὶ
1298 3745 1443 3816 Φωσφόρον

226 3839 270 3892 τὸν
294 3835 508 3908 εἶναι“ἰῑσπνραν
529 3838 575 3890 καὶ
594 3835 756 3906 Φωσφόρον,
775 3833 810 3898 ὥς
863 3833 907 3888 τὸν
930 3835 1009 3890 αὑτὸν
1033 3841 1126 3900 εἰπεῖν,
1152 3839 1179 3890 ol
1201 3837 1231 3890 di
1255 3857 1323 3906 paor
1340 3843 1440 3906 Happe-

168 3923 169 3927 ’
228 3945 292 3994 φησι
310 3931 509 3996 Φαβωρῖνος
534 3929 567 3978 ἐν
590 3929 725 3996 πέμπτῳ
749 3927 811 3978 τῶν
864 3927 950 3990 aidau.

228 4013 600 4084 ἀπομνημονευμάτων·
620 4016 645 4066 ol
663 4015 693 4066 δι’
717 4018 810 4067 Hodo-

227 4121 318 4173 γορπν.
