3016 4858
1207 237 1269 303 103

61 431 226 500 φραστος
251 413 581 502 Παρμενίδηνῑωγ
606 414 648 492 ὡς
670 415 709 482 δὲ
731 415 845 502 Ζήνων
862 413 1021 482 Ἡσίοδον.
1060 416 1149 482 Haec
1171 416 1271 498 igitur

60 523 100 587 ad
119 543 212 589 unum
235 522 404 590 reserenda
427 527 502 589 sunt
523 529 696 590 auctorem.
724 561 762 571 -
787 525 836 590 De
851 525 1042 606 Anaxagora
1066 527 1099 590 et
1114 522 1270 588 Archelao

59 629 211 696 Dielesius
242 631 264 695 l.
289 649 315 696 c.
345 631 431 696 idem
459 631 700 698 demonstravit.
747 631 785 696 ln
814 631 887 696 ahie
915 631 1092 697 breviorem
1121 629 1270 696 Laertius

59 737 153 802 solam
176 737 322 820 sequitur
336 739 522 804 memoriam
538 737 862 822 Theophrasteorum‚
886 757 968 821 quae
992 739 1164 822 compilare
1180 737 1267 804 nolo:

58 843 130 924 quin
158 843 307 909 breviora
335 844 392 909 illa
422 843 599 911 debeantur
626 845 784 912 Favorino
819 847 902 912 citra
928 845 1161 913 dubitationem
1192 843 1270 910 mihi

59 949 178 1015 ridetur
202 968 274 1016 esse
297 950 446 1033 positum.

346 1301 376 1368 5.
404 1301 445 1369 [te
473 1303 650 1386 reliquarum
674 1305 798 1372 rherum
823 1305 975 1373 memoria.

141 1483 288 1548 Laertius
315 1481 415 1546 -si
450 1482 613 1564 exceperis
645 1481 863 1564 Scepticorum
898 1489 932 1551 et
965 1485 1197 1552 successionem
1233 1491 1267 1552 et

57 1591 228 1656 doctrinam
253 1627 291 1636 -
317 1589 475 1654 Favorino
498 1589 699 1670 potissimum
715 1609 792 1656 usus
808 1598 858 1658 est
871 1597 905 1658 et
919 1592 1045 1672 Diocle;
1069 1594 1111 1658 ad
1126 1592 1269 1658 Dioclem

58 1697 172 1763 evitis
199 1697 319 1781 pusilla
352 1701 386 1761 et
415 1697 630 1763 accuratiores
658 1697 843 1780 dogmatum
871 1701 1074 1766 recensiones
1101 1699 1270 1766 referenda

58 1811 140 1886 sunt,
179 1807 219 1872 ad
255 1805 445 1870 Favorinum
483 1805 635 1887 dogmata
669 1807 850 1872 summatim
885 1807 1031 1890 exposita
1065 1812 1099 1872 et
1131 1807 1269 1872 vitarum

58 1913 188 1978 maxima
217 1929 294 1994 pars
322 1912 369 1976 ita
396 1912 542 1994 quddam,
577 1917 614 1977 ut
643 1932 726 1996 quae
754 1915 787 1978 in
818 1915 987 1997 omnigena
1013 1914 1149 1980 historia
1177 1918 1271 1979 erant

59 2020 171 2102 scripta
199 2021 232 2085 in
263 2019 484 2102 compendium
514 2025 644 2102 cogeret
672 2021 872 2104 interpositis
901 2040 940 2088 er
970 2021 1270 2087 commentariorum

59 2127 265 2194 conlectaneis
281 2127 442 2194 nonnullis
458 2127 650 2208 historiolis3
676 2128 748 2194 hinc
764 2129 1021 2196 testimoniorum
1037 2129 1171 2211 copiam,
1195 2127 1287 2192 hinc.

59 2233 169 2302 indices
192 2241 227 2301 et
248 2235 404 2302 librorum
428 2240 461 2302 et
483 2235 746 2320 homonymorum
770 2237 936 2303 derivavit.

137 2343 173 2408 In
203 2349 328 2409 ceteras
356 2344 440 2410 vitas
467 2361 547 2426 quas
582 2344 722 2410 nondum
753 2345 890 2411 tractavi
922 2343 1006 2410 idem
1036 2343 1143 2408 valere
1172 2361 1268 2408 unus·

58 2449 182 2533 quisque
206 2451 353 2533 dispicit,
383 2469 441 2516 nec
464 2449 572 2516 differt
594 2451 717 2533 species
741 2469 851 2518 earum
875 2456 1023 2532 externa,
1055 2455 1192 2533 suntque
1215 2467 1268 2515 ex-

58 2573 161 2635 pressa
198 2557 342 2623 eiusdem
380 2558 514 2640 originis
537 2557 689 2640 uestigia
725 2559 815 2624 velut
857 2559 1042 2625 testimonia
1084 2558 1196 2624 eadem
1235 2562 1269 2622 et

58 2659 310 2748 homonymorum
344 2663 492 2746 catalogi.
539 2661 653 2730 Illius
687 2665 810 2747 igitur
841 2665 1044 2749 biographi
1081 2664 1267 2730 Laertius

58 2771 327 2852 propemodum
351 2774 415 2836 est
438 2770 617 2852 epitome.

135 2879 225 2944 Nunc
247 2879 295 2943 rei
319 2878 358 2943 dc
382 2895 446 2962 qua
468 2878 593 2960 agimus
616 2897 739 2944 summa
762 2883 813 2945 est
836 2879 995 2961 conlecta,
1019 2895 1210 2961 quamquam
1234 2878 1267 2943 in

57 2983 183 3067 singulis
206 2987 375 3052 innumera
397 2984 542 3050 resident
564 2985 739 3051 enodanda.

136 3091 359 3159 Necessarium
396 3091 477 3158 duco
516 3097 549 3158 ct
586 3091 628 3158 ad
661 3091 829 3158 historiam
862 3092 1045 3157 litterarum
1079 3109 1266 3174 graecarum

57 3201 172 3276 penitus
185 3207 220 3266 et
234 3205 323 3266 recte
338 3200 590 3282 pernoscendam
606 3199 894 3266 fructuosissimum
910 3199 1098 3282 omnigenae
1110 3199 1265 3265 historiae

58 3312 152 3372 cetera
179 3307 342 3389 conligere
369 3307 516 3389 vestigia.
564 3307 655 3385 Quod
682 3313 719 3373 ut
745 3307 846 3390 probe
873 3307 1077 3386 instituatur,
1109 3305 1265 3371 seriorum

57 3415 289 3497 compilatorum
327 3431 426 3496 opera
470 3415 681 3480 examinanda
719 3419 794 3480 sunt
831 3419 866 3480 et
903 3432 974 3480 curn
1012 3411 1142 3478 Laertio
1181 3431 1264 3477 com-

57 3522 199 3596 ponenda.
255 3523 298 3586 At
332 3519 522 3604 quantillum
557 3525 621 3605 est,
657 3521 743 3605 quod
777 3521 817 3587 de
847 3520 909 3588 hoc
935 3521 1118 3586 litterarum
1146 3537 1263 3602 genere

57 3625 91 3692 sit
125 3629 342 3712 exploratum!
404 3627 517 3712 Itaque
555 3628 723 3695 incohasse
761 3629 844 3697 hanc
881 3627 922 3696 de
959 3627 1109 3694 Favorini
1146 3646 1262 3710 propa-

57 3737 172 3812 gatione
215 3735 437 3819 quaestionem
479 3736 559 3802 satis
603 3736 798 3804 habebimus.
866 3737 913 3804 hc
954 3735 1091 3819 primurn
1134 3735 1263 3818 quidem

57 3901 255 3918 Q*—

115 3993 162 4065 ¹¹⁰)
180 3993 236 4050 Per
254 4007 284 4048 ea
303 3991 413 4062 quidem
432 3992 615 4062 Theophrasti
633 3993 764 4049 memoria
782 3992 873 4048 dirimi
897 3997 989 4064 potest
1007 4006 1025 4046 a
1042 3989 1187 4060 Favorino,
1212 3991 1260 4047 sed

57 4091 149 4151 semper
170 4081 324 4152 biographo
349 4087 392 4136 est
414 4081 561 4138 tribuenda
578 4081 734 4138 Laertiano.
771 4083 828 4137 lete
851 4081 1018 4153 biographos
1043 4079 1067 4135 si
1089 4079 1156 4134 mihl
1179 4085 1260 4136 antea

56 4169 182 4228 credidisti
200 4171 256 4227 luit
274 4170 434 4228 Favorinus.
