3016 4858
230 169 293 234 134

228 365 395 414 causarum
419 351 583 430 permotus
608 345 776 428 gravitate.
816 345 859 411 Et
881 347 968 412 vitae
983 348 1109 414 ratione
1124 353 1158 414 et
1172 347 1314 414 moribus
1329 365 1367 412 ac
1382 351 1446 412 stu·

228 456 353 522 diorum
385 475 503 540 genere
532 455 722 538 dicendique
751 454 905 537 gemellus
933 455 1084 522 Favorini
1113 461 1183 523 erat
1211 461 1335 524 orator:
1371 455 1446 522 civis

227 565 389 630 Romanus
423 569 573 646 uterque,
609 563 814 645 imperatoris
848 562 1031 645 familiaris,
1067 565 1153 648 apud
1180 565 1320 633 Graecos
1352 565 1448 630 etiam

227 677 325 757 atquc
348 673 429 738 adeo
453 672 539 754 apud
556 669 690 737 Celtas
713 671 808 754 vulgo
829 676 934 754 notus,
954 676 1086 738 notatus
1102 673 1142 739 ob
1157 672 1322 740 libidines:
1347 673 1448 756 philo

228 778 373 862 sophiam
397 785 431 844 et
454 779 661 862 sophisticam
678 777 920 861 amplexabatur
943 785 978 846 et
1000 781 1091 847 attici
1107 783 1263 848 sermonis
1279 782 1448 848 observan-

228 887 313 952 tiam.
356 887 458 965 Quid?
481 887 567 970 quod
589 886 739 953 Favorini
763 891 903 953 statuam
926 894 1060 972 propter
1075 891 1231 957 Hadriani
1254 891 1447 957 simultatem

228 1001 317 1062 evert
319 1001 411 1062 erant
397 995 668 1062 Athenienses.
728 993 806 1061 Cum
844 996 994 1064 irrisione
1032 999 1251 1081 quadamt
1207 998 1447 1066 Atheniensium

228 1103 419 1169 oblivionem
443 1103 682 1170 benefactorum
705 1103 895 1185 perstrinxit
919 1105 1316 1174 oratGorinthiusoe-or
1335 1108 1448 1174 Omnia

227 1208 307 1274 haee
333 1215 400 1274 tam
431 1211 561 1293 egregie
589 1211 738 1294 exposuit
760 1211 944 1296 Empertns,
974 1219 1010 1280 ιιι
1036 1215 1195 1280 neminem
1219 1215 1347 1282 credam
1370 1213 1446 1294 iore,

227 1321 304 1404 quin
328 1340 398 1386 cum
422 1339 545 1386 summa
568 1321 734 1403 voluptate
757 1321 855 1387 semel
878 1321 1059 1406 iterumque
1081 1323 1237 1407 perleget.

319 1427 438 1494 Contra
461 1428 646 1510 Emperium
669 1435 787 1512 urguet
800 1429 999 1502 Marresius:

319 1539 346 1604 1.
371 1537 479 1602 Verba
494 1538 534 1602 de
558 1542 686 1603 oratore
702 1538 789 1604 dicta
811 1558 842 1620 p.
861 1538 925 1604 528
940 1539 1031 1623 Emp.
1055 1538 1121 1604 τῶν
1134 1541 1195 1624 μὲν
1208 1537 1272 1625 γάρ
1290 1533 1449 1624 Ἑλλήνων

229 1643 303 1720 τοὺς
326 1641 473 1730 ἀρίστους
496 1643 603 1709 ἔπεισε
625 1641 704 1731 πρὸς
726 1644 768 1708 τὰ
791 1645 855 1710 τῶν
871 1643 1040 1730 Ῥωμαίων
1053 1643 1227 1733 πράγματα
1250 1640 1446 1722 ἀποκλίνειν,
1499 1659 1500 1722 ι

228 1751 297 1818 τὸν
321 1753 361 1816 δὲ
382 1753 606 1838 προστάτην
626 1752 707 1838 πρὸς
722 1753 763 1818 cci
777 1753 841 1819 τῶν
860 1751 1029 1838 Ἑλλήνων.
1067 1756 1116 1820 De
1131 1755 1273 1838 Empcrii
1290 1755 1449 1822 sententia

228 1863 411 1927 Hadrianus
436 1866 486 1927 est
508 1861 744 1943 intellegendus
772 1863 956 1944 imperator.
1005 1862 1153 1929 Obvertit
1176 1863 1362 1944 Marresius,
1385 1861 1447 1928 lla·

229 1971 375 2035 drianum
398 1989 462 2036 non
486 1989 555 2036 cum
580 1975 667 2036 esset
689 1971 838 2053 princeps
857 1989 968 2038 verum
983 1972 1047 2036 iam
1063 1990 1198 2055 puerum
1213 1971 1255 2037 ed
1270 1972 1448 2038 litterarum
1499 1997 1500 2064 3

229 2095 415 2160 graecarum
445 2079 552 2143 studia
574 2079 655 2144 adeo
679 2079 797 2144 adduct
782 2083 850 2144 tum
874 2097 959 2162 esse,
987 2085 1035 2150 ιιι
1046 2081 1103 2146 lat'
1080 2085 1165 2146 ιιοιι
1186 2081 1382 2164 neglegeret
1406 2113 1447 2126 -

229 2187 312 2252 At
287 2205 314 2251 sn
331 2187 538 2268 exaggeravit
554 2191 626 2252 orat
612 2188 686 2252 tor?
710 2186 821 2270 Neque
837 2189 921 2254 enim
937 2187 998 2255 hoc
1010 2189 1084 2255 sciri
1096 2193 1205 2271 potest
1215 2207 1276 2254 nec
1287 2187 1444 2270 redargui.
1499 2075 1500 2258 i

318 2295 346 2357 2.
374 2293 533 2358 ‘Favorini
568 2299 676 2358 aetate
709 2313 773 2360 nun
807 2293 910 2360 valuit
895 2297 976 2360 tin
1016 2293 1197 2362 Corinthios
1229 2297 1315 2379 quod
1347 2295 1500 2362 innuit
1499 2339 1500 2370 p

229 2405 391 2482 oratorp.
411 2403 472 2464 531
503 2397 592 2485 ὑμεῖς
614 2399 685 2465 ἐστι
713 2407 772 2468 νῦν
794 2399 830 2465 τὸ
852 2399 893 2487 δὴ
916 2399 1090 2486 λεγόμενον
1112 2401 1226 2492 npqipoe
1248 2405 1303 2467 καὶ
1324 2403 1446 2486 πρύμνη

227 2509 283 2592 τῆς
300 2505 466 2587 Ειιάδος,
490 2509 622 2575 valuit
614 2513 706 2574 rnt
662 2509 690 2572 A
691 2508 825 2574 thenas'.
866 2509 988 2574 lterum
1003 2527 1133 2592 quaero,
1157 2529 1214 2577 cur
1228 2530 1294 2578 non
1314 2529 1446 2593 exagge
1499 2571 1500 2592 2

228 2635 318 2682 rasse
347 2621 457 2698 putem
487 2621 648 2681 oratorem
677 2615 807 2682 sibimet
833 2617 895 2699 ipsi
922 2618 1202 2699 patrocinantem?
1229 2619 1327 2686 ‘Laus
1353 2616 1444 2686 Julia’

230 2723 415 2789 Corinthus!

318 2831 347 2896 3.
374 2830 594 2896 ‘Incusabatur
616 2832 777 2914 quoddam
800 2833 869 2898 eius
885 2833 1006 2898 Romae
1027 2834 1229 2899 commissum
1244 2834 1447 2902 libidinosum
1499 2857 1500 2894 ι

229 2939 406 3020 flagitium'.
469 2938 639 3020 Emperius
678 2940 738 3005 hoc
776 2939 913 3006 tortasse
951 2959 1015 3006 non
1054 2945 1141 3006 recte
1180 2943 1345 3009 coniunxit
1382 2959 1446 3008 cum
1499 2967 1500 2992 ι

228 3047 419 3112 Philostrati
442 3047 627 3112 narratione
651 3047 691 3112 de
707 3047 856 3113 Favorini
880 3053 989 3114 statne
1004 3047 1045 3113 ab
1062 3049 1312 3116 Atheniensibus
1328 3067 1446 3116 eversa.
1499 3123 1500 3126 ,

230 3155 405 3220 Marresius
439 3159 609 3238 postquam
643 3174 706 3220 non
736 3156 805 3221 sine
833 3174 929 3221 causa
957 3155 1039 3220 hanc
1062 3155 1205 3238 Emperii
1235 3159 1446 3224 coniecturam
1499 3161 1500 3248 ξ

230 3262 271 3326 ad
294 3262 342 3326 rei
366 3279 520 3326 summam
543 3281 607 3328 non
630 3263 845 3345 pertinentem
868 3265 1081 3346 impugnavit,
1110 3264 1228 3330 iniuria
1251 3271 1350 3350 atque
1373 3265 1446 3332 adeo
1499 3271 1500 3288 *

230 3370 339 3450 inepte
362 3373 464 3434 totam
487 3369 629 3450 Emperii
653 3372 812 3436 corruisse
836 3372 1148 3454 argumentationem
1171 3373 1338 3440 conclusit.

320 3478 350 3542 4.
386 3477 447 3540 Vix
481 3476 579 3558 digna
613 3495 695 3559 quae
729 3476 910 3544 refutentur
943 3487 1018 3544 sunt
1052 3479 1145 3546 hacc:
1182 3480 1283 3559 ‘Quod
1321 3479 1448 3548 iactavit

231 3582 459 3664 gloriabundus
483 3589 592 3648 orator
615 3582 683 3648 iore
706 3589 743 3649 ut
766 3585 940 3668 ignominia
962 3591 1152 3652 notarentur
1175 3585 1345 3671 Corinthii,
1368 3585 1447 3672 quod

232 3691 321 3755 cuins
367 3694 507 3756 statuam
552 3689 601 3756 illi
646 3691 881 3759 subvertissent
919 3713 991 3760 eum
1030 3695 1130 3760 ceteri
1167 3713 1277 3762 omnes
1314 3697 1447 3764 libenter

233 3797 396 3878 excepturi
420 3803 537 3878 essent,
566 3799 599 3864 id
621 3819 685 3865 non
708 3800 846 3882 quadrat
868 3801 901 3867 in
924 3801 1074 3869 Favorini
1097 3804 1302 3870 memoriem’.
1350 3807 1446 3872 lacta·

232 3903 357 3968 bundus
381 3905 532 3970 videlicet
554 3907 761 3990 exaggeravit
784 3913 904 3975 orator.

324 4011 352 4076 5.
377 4011 443 4076 Nec
471 4012 604 4080 mehora
631 4015 815 4099 obloquitur
844 4023 960 4084 cetera
1013 4017 1110 4086 Velut
1141 4019 1178 4084 ‘si
1207 4023 1319 4084 orator
1346 4039 1381 4087 se
1412 4035 1446 4082 ex

234 4118 376 4184 Romano
393 4119 550 4185 Graccum
566 4141 637 4188 esse
651 4121 769 4188 facturn
786 4124 953 4208 gloriatur,
976 4125 1169 4192 Favorinum
1183 4125 1255 4192 ideo
1271 4145 1336 4192 non
1359 4141 1446 4210 posse
