3016 4858
1219 227 1281 291 163

55 405 185 488 Epicuri
210 403 366 485 scholam,
396 405 486 472 cuius
515 403 638 470 duobus
662 403 800 470 saeculis
823 409 899 486 post
921 401 1066 470 florentis
1088 405 1159 487 ipse
1181 405 1282 487 parti·

56 531 127 595 ceps
152 512 219 577 sit?
263 529 368 578 nonne
389 513 438 578 ita
461 512 516 594 qui
539 511 708 576 videbatur
731 512 816 576 inter
831 510 1026 594 Hesychium
1050 517 1083 577 et
1105 511 1282 594 Diogenem

56 621 219 686 dissensus
254 620 374 703 optime
410 619 603 702 explicatur,
639 619 796 701 simulque
831 620 1008 702 percipitur
1042 619 1118 702 quid
1152 621 1283 686 intersit

56 728 139 792 inter
165 727 328 793 saecrdum
352 731 491 808 sextum,
522 744 593 792 cum
622 725 725 792 omnis
752 725 958 809 philosophia
980 727 1045 790 iam
1069 744 1089 790 a
1111 726 1226 792 timore
1249 731 1283 792 et

55 835 125 900 odio
152 831 409 900 christianorum
434 833 495 900 coli
518 834 620 900 vetita
644 838 740 913 esset,
766 838 799 898 et
821 833 968 914 tertium,
994 830 1122 898 effetum
1145 832 1226 898 illud
1249 837 1283 898 et

56 941 265 1024 degenerum,
296 959 367 1008 cum
394 943 466 1024 ipsa
489 939 699 1027 παραδόσεως
722 959 805 1023 quae
834 945 969 1007 eatenus
998 939 1060 1005 luit
1084 940 1281 1006 continuatio

55 1055 151 1132 atque
188 1050 356 1115 sinceritas
391 1068 455 1115 non
496 1049 601 1114 minus
635 1047 764 1114 labaret
803 1067 898 1130 quam
938 1048 1109 1132 imperium
1144 1049 1282 1114 Graeco·

54 1157 242 1236 Romanurn,
267 1174 337 1221 cum
361 1155 636 1239 ingeniosissimus
660 1155 796 1238 quisque
819 1160 876 1220 aut
899 1155 1072 1238 religiones
1095 1173 1133 1220 ex
1150 1154 1281 1221 Oriente

55 1263 174 1328 sensim
190 1281 248 1345 per
263 1263 416 1328 mundum
432 1263 605 1344 gliscentes
621 1267 835 1345 promoveret,
856 1263 970 1328 sollers
985 1263 1019 1328 in
1035 1262 1193 1328 maiorum
1207 1261 1282 1328 reli-

56 1371 147 1451 gione
171 1369 325 1450 moribus,
350 1369 474 1436 artibus
497 1370 634 1451 litteris,
659 1370 785 1436 dicendi
809 1371 972 1453 cogitandi
995 1371 1175 1437 rationibus
1196 1370 1283 1454 proi·

55 1477 176 1542 ciendis
199 1481 232 1542 et
256 1477 465 1559 extirpandis,
490 1481 556 1557 aut,
581 1477 655 1542 dum
680 1477 742 1543 sibi
761 1477 926 1543 videretur
949 1477 1071 1543 tradita
1093 1495 1113 1542 a
1135 1476 1283 1560 patribus

56 1602 145 1650 sacra
181 1584 331 1666 religiose
366 1601 510 1664 servare,
540 1583 682 1650 ventosis
706 1588 740 1649 et
768 1583 915 1650 obscenis
949 1584 1141 1666 peregrinae
1172 1601 1282 1666 super·

56 1691 196 1758 stitionis
231 1697 264 1756 et
294 1691 466 1756 ementitae
502 1691 582 1757 artis
616 1691 783 1757 lenociniis
819 1690 1016 1773 inquinaret,
1052 1690 1167 1774 vulgus
1195 1709 1281 1772 vero,

56 1815 72 1862 c
94 1817 158 1880 qno
176 1797 339 1881 Diogenes
355 1799 486 1880 prodiit,
511 1817 615 1882 neque
639 1803 751 1864 tenere
774 1803 886 1865 vetera
909 1817 1013 1881 neque
1034 1798 1184 1882 amplecti
1199 1817 1283 1866 nova

59 1905 199 1985 valeret,
235 1910 272 1970 ut
301 1909 390 1971 recte
418 1905 556 1972 historia
583 1906 755 1989 plerosque
783 1907 903 1972 saeculi
926 1907 1017 1972 tertii
1040 1905 1194 1972 mortales
1219 1925 1282 1972 non

57 2017 220 2095 respectos
243 2017 448 2095 transgressa
471 2013 523 2078 sit.
563 2010 650 2096 lacit,
674 2013 737 2079 nisi
756 2012 861 2094 fallor,
885 2018 1089 2096 momentum,
1114 2013 1165 2080 vel
1184 2031 1282 2078 uuum

57 2119 93 2184 de
126 2119 223 2202 plebe
257 2121 323 2186 ista
356 2121 498 2200 novisse,
534 2138 593 2186 nec
627 2121 731 2187 habeo
765 2126 896 2204 praeter
931 2120 1117 2203 empiricam
1152 2121 1283 2188 Sextum

56 2227 107 2308 qui
145 2227 242 2292 huius
281 2228 401 2294 saeculi
440 2228 613 2311 imaginem
655 2234 721 2294 tam
759 2229 938 2295 luculenter
977 2229 1018 2294 ab
1055 2227 1116 2294 hac
1154 2228 1283 2312 quidem

56 2341 146 2414 parte
183 2335 336 2401 inlustret
367 2353 462 2419 quam
492 2335 670 2419 Diogenem
699 2337 804 2420 qualis
831 2335 923 2402 nobis
958 2336 1119 2418 adparuit.
1172 2355 1282 2418 quam·

56 2460 148 2524 quarn
192 2447 284 2508 aetas
326 2444 395 2509 eius
433 2445 566 2512 incerta.
631 2446 688 2510 sed
727 2445 810 2510 sicut
849 2449 923 2510 ante
964 2443 1199 2510 Diocletianum
1237 2445 1283 2510 vi·

56 2548 148 2614 detur
181 2550 295 2633 utique
322 2548 437 2632 fuisse,
466 2552 514 2616 ita
541 2571 677 2635 vergens
706 2553 933 2636 potiusquam
961 2569 1096 2634 surgens
1120 2551 1282 2618 saeculum

55 2675 169 2722 nornen
205 2657 333 2722 videtur
368 2658 598 2726 demonstrare.
659 2679 718 2742 ego
754 2660 837 2725 enim
876 2677 979 2742 neque
1015 2659 1109 2725 credo
1145 2659 1283 2725 scribam

55 2761 211 2847 Stephani
235 2765 397 2847 Byzantii,
422 2767 478 2848 qui
501 2770 649 2852 Λαεριέα
672 2769 827 2852 Διογένην
849 2766 1010 2832 intellexit
1033 2767 1152 2832 Laerta
1176 2767 1282 2834 oriun-

55 2873 138 2954 dum,
164 2872 362 2956 sequendum
387 2891 472 2954 esse,
503 2879 536 2938 et
564 2893 619 2940 eos
647 2875 702 2958 qui
725 2875 831 2940 nescio
856 2874 941 2958 quod
963 2893 1080 2940 nomen
1103 2875 1281 2940 Romanurn

55 2981 254 3063 gentilicium
289 2980 489 3046 somniantur
524 2981 623 3047 rideo.
675 2981 835 3048 nominavi
870 2981 1046 3064 Diogenem
1082 2986 1115 3047 et
1149 3000 1281 3064 pergam

54 3087 112 3154 hoc
135 3087 253 3168 facere,
278 3107 471 3171 quamquam
487 3089 652 3154 Laertium
674 3095 710 3154 tu
733 3108 838 3170 vocae,
863 3108 967 3172 neque
990 3088 1050 3156 tibi
1066 3089 1203 3154 alterum
1227 3090 1282 3156 ob·

54 3195 159 3262 trudo.
212 3193 365 3260 nimirum
387 3195 484 3260 iussis
511 3215 575 3262 non
598 3215 749 3278 paremus
772 3197 835 3262 nisi
858 3196 1008 3278 rationis
1040 3197 1157 3263 nedum
1180 3197 1281 3264 homi-

54 3321 125 3367 num
157 3303 190 3367 in
222 3301 346 3367 Graece
380 3300 556 3368 formandis
584 3303 765 3369 nominibus
788 3303 1006 3369 titubantium.
1060 3303 1143 3368 ratio
1174 3309 1281 3369 autem

55 3412 156 3492 docet,
181 3428 298 3476 nomen
323 3406 439 3474 Graeci
463 3409 601 3476 hominis
625 3409 723 3476 luisse
746 3411 933 3494 Diogenem,
957 3411 1014 3476 sed
1037 3411 1163 3492 signum
1184 3411 1281 3477 Laer-

55 3520 148 3600 tium‚
179 3516 353 3582 iormatum
384 3535 404 3581 a
426 3515 546 3583 Laerta
568 3517 739 3583 Homerico
767 3523 804 3583 ut
826 3517 994 3584 Nestorios
1017 3517 1185 3583 Heraclius
1208 3517 1281 3584 Pla·

55 3627 160 3692 tonios
194 3625 425 3708 innumeraque
460 3625 525 3690 alia
559 3625 665 3708 signa,
708 3644 790 3709 quae
829 3630 886 3691 aut
924 3625 1061 3692 historia
1096 3623 1189 3691 offert
1224 3633 1281 3692 aut

56 3731 192 3815 lapides,
225 3731 280 3814 qui
303 3732 390 3798 hisce
414 3733 515 3815 signis
543 3738 664 3800 certum
695 3733 841 3800 tribuunt
863 3733 968 3800 locum
992 3733 1079 3816 (mox
1102 3752 1149 3798 ex.
1175 3751 1222 3815 gr.
1247 3735 1280 3800 in

56 3839 121 3906 loro
139 3840 280 3905 Traiano
302 3838 404 3905 multa
426 3839 575 3925 uidebis),
600 3846 656 3906 aut
677 3845 790 3906 nostra
813 3840 1024 3906 consuetudo:
1050 3858 1123 3905 nam
1142 3840 1280 3922 Eugenii

57 3945 186 4030 Georgii
210 3946 360 4028 Gregorii
390 3945 585 4029 Stephaniae
613 3947 759 4013 Hilariae
787 3947 949 4012 Macariae
982 3965 1020 4012 ex
1049 3947 1113 4011 illis
1142 3947 1280 4014 saeculis

56 4055 256 4134 proveniunt.
309 4053 365 4119 sed
394 4054 503 4136 potius
535 4052 659 4120 Claudii
690 4071 785 4137 quam
815 4052 1000 4119 Garacallae
1029 4057 1185 4135 aetatem,
1217 4055 1280 4121 nisi

57 4159 157 4243 lallor,
184 4161 311 4244 signum
333 4161 463 4227 indicat.

1067 4265 1118 4319 11*
