<?xml version="1.0" encoding="UTF-8"?>
<!DOCTYPE html PUBLIC "-//W3C//DTD XHTML 1.0 Transitional//EN"
    "http://www.w3.org/TR/xhtml1/DTD/xhtml1-transitional.dtd">
<html xmlns="http://www.w3.org/1999/xhtml" xml:lang="en" lang="en">
 <head>
  <title>
</title>
<meta http-equiv="Content-Type" content="text/html;charset=utf-8" />
  <meta name='ocr-system' content='tesseract 3.04.00' />
  <meta name='ocr-capabilities' content='ocr_page ocr_carea ocr_par ocr_line ocrx_word'/>
</head>
<body>
  <div class='ocr_page' id='page_1' title='image "./philologischeun00maasgoog/philologischeun00maasgoog_0499.png"; bbox 0 0 3016 4858; ppageno 0'>
   <div class='ocr_carea' id='block_1_1' title="bbox 236 187 298 248">
    <p class='ocr_par' dir='ltr' id='par_1_1' title="bbox 236 187 298 248">
     <span class='ocr_line' id='line_1_1' title="bbox 236 187 298 248; baseline 0 -1"><span class='ocrx_word' id='word_1_1' title='bbox 236 187 298 248; x_wconf 75' lang='lat'><strong>122</strong></span> 
     </span>
    </p>
   </div>
   <div class='ocr_carea' id='block_1_2' title="bbox 146 360 1454 2152">
    <p class='ocr_par' dir='ltr' id='par_1_2' title="bbox 146 360 1454 2152">
     <span class='ocr_line' id='line_1_2' title="bbox 146 360 1454 444; baseline -0.004 -17"><span class='ocrx_word' id='word_1_2' title='bbox 146 432 150 440; x_wconf 61' lang='grc'><strong>,</strong></span> <span class='ocrx_word' id='word_1_3' title='bbox 231 363 373 428; x_wconf 73' lang='lat' dir='ltr'><strong>Eatsnm</strong></span> <span class='ocrx_word' id='word_1_4' title='bbox 396 363 495 444; x_wconf 84' lang='lat' dir='ltr'><strong>igitur</strong></span> <span class='ocrx_word' id='word_1_5' title='bbox 510 381 582 426; x_wconf 89' lang='lat' dir='ltr'><strong>cum</strong></span> <span class='ocrx_word' id='word_1_6' title='bbox 598 363 799 427; x_wconf 86' lang='lat' dir='ltr'><strong>Volkmauna</strong></span> <span class='ocrx_word' id='word_1_7' title='bbox 823 361 915 440; x_wconf 86' lang='lat' dir='ltr'><strong>isoio,</strong></span> <span class='ocrx_word' id='word_1_8' title='bbox 939 361 1028 443; x_wconf 90' lang='lat' dir='ltr'><strong>quod</strong></span> <span class='ocrx_word' id='word_1_9' title='bbox 1051 361 1172 426; x_wconf 90' lang='lat' dir='ltr'><strong>indices</strong></span> <span class='ocrx_word' id='word_1_10' title='bbox 1195 360 1454 441; x_wconf 83' lang='lat' dir='ltr'><strong>homonymorum</strong></span> 
     </span>
     <span class='ocr_line' id='line_1_3' title="bbox 230 467 1454 551; baseline -0.002 -19"><span class='ocrx_word' id='word_1_11' title='bbox 230 467 433 532; x_wconf 80' lang='lat' dir='ltr'><strong>advocandos</strong></span> <span class='ocrx_word' id='word_1_12' title='bbox 457 467 497 532; x_wconf 90' lang='lat' dir='ltr'><strong>ad</strong></span> <span class='ocrx_word' id='word_1_13' title='bbox 522 469 741 550; x_wconf 88' lang='lat' dir='ltr'><strong>quaestionem</strong></span> <span class='ocrx_word' id='word_1_14' title='bbox 766 469 965 550; x_wconf 82' lang='lat' dir='ltr'><strong>propositam</strong></span> <span class='ocrx_word' id='word_1_15' title='bbox 982 467 1137 546; x_wconf 63' lang='lat' dir='ltr'><strong>arbitron</strong></span> <span class='ocrx_word' id='word_1_16' title='bbox 1164 468 1212 531; x_wconf 87' lang='lat' dir='ltr'><strong>ita</strong></span> <span class='ocrx_word' id='word_1_17' title='bbox 1224 467 1454 551; x_wconf 76' lang='lat' dir='ltr'><strong>discrepamus,</strong></span> 
     </span>
     <span class='ocr_line' id='line_1_4' title="bbox 231 573 1454 656; baseline -0.002 -19"><span class='ocrx_word' id='word_1_18' title='bbox 231 579 267 638; x_wconf 84' lang='lat' dir='ltr'><strong>ut</strong></span> <span class='ocrx_word' id='word_1_19' title='bbox 290 573 347 638; x_wconf 90' lang='lat' dir='ltr'><strong>ille</strong></span> <span class='ocrx_word' id='word_1_20' title='bbox 377 573 418 638; x_wconf 89' lang='lat' dir='ltr'><strong>ad</strong></span> <span class='ocrx_word' id='word_1_21' title='bbox 447 593 544 638; x_wconf 93' lang='lat' dir='ltr'><strong>unum</strong></span> <span class='ocrx_word' id='word_1_22' title='bbox 574 593 711 640; x_wconf 85' lang='lat' dir='ltr'><strong>omnes</strong></span> <span class='ocrx_word' id='word_1_23' title='bbox 735 581 894 654; x_wconf 85' lang='lat' dir='ltr'><strong>arcessat,</strong></span> <span class='ocrx_word' id='word_1_24' title='bbox 924 593 984 656; x_wconf 81' lang='lat' dir='ltr'><strong>ego</strong></span> <span class='ocrx_word' id='word_1_25' title='bbox 1009 593 1064 640; x_wconf 86' lang='lat' dir='ltr'><strong>eos</strong></span> <span class='ocrx_word' id='word_1_26' title='bbox 1088 579 1213 638; x_wconf 90' lang='lat' dir='ltr'><strong>tantum</strong></span> <span class='ocrx_word' id='word_1_27' title='bbox 1237 573 1381 655; x_wconf 80' lang='lat' dir='ltr'><strong>probem,</strong></span> <span class='ocrx_word' id='word_1_28' title='bbox 1406 573 1454 654; x_wconf 91' lang='lat' dir='ltr'><strong>qui</strong></span> 
     </span>
     <span class='ocr_line' id='line_1_5' title="bbox 231 680 1454 763; baseline -0.002 -19"><span class='ocrx_word' id='word_1_29' title='bbox 231 685 374 744; x_wconf 89' lang='lat' dir='ltr'><strong>veterem</strong></span> <span class='ocrx_word' id='word_1_30' title='bbox 399 681 580 762; x_wconf 81' lang='lat' dir='ltr'><strong>bonamque</strong></span> <span class='ocrx_word' id='word_1_31' title='bbox 604 682 745 762; x_wconf 90' lang='lat' dir='ltr'><strong>produnt</strong></span> <span class='ocrx_word' id='word_1_32' title='bbox 768 683 934 763; x_wconf 75' lang='lat' dir='ltr'><strong>originem.</strong></span> <span class='ocrx_word' id='word_1_33' title='bbox 981 682 1073 746; x_wconf 87' lang='lat' dir='ltr'><strong>Hauc</strong></span> <span class='ocrx_word' id='word_1_34' title='bbox 1095 681 1199 762; x_wconf 80' lang='lat' dir='ltr'><strong>legem</strong></span> <span class='ocrx_word' id='word_1_35' title='bbox 1223 681 1277 761; x_wconf 93' lang='lat' dir='ltr'><strong>qui</strong></span> <span class='ocrx_word' id='word_1_36' title='bbox 1302 680 1454 762; x_wconf 87' lang='lat' dir='ltr'><strong>sequitur,</strong></span> 
     </span>
     <span class='ocr_line' id='line_1_6' title="bbox 230 787 1454 869; baseline -0.002 -19"><span class='ocrx_word' id='word_1_37' title='bbox 230 787 258 851; x_wconf 91' lang='lat' dir='ltr'><strong>is</strong></span> <span class='ocrx_word' id='word_1_38' title='bbox 293 787 326 852; x_wconf 94' lang='lat' dir='ltr'><strong>in</strong></span> <span class='ocrx_word' id='word_1_39' title='bbox 361 787 538 868; x_wconf 82' lang='lat' dir='ltr'><strong>digerenda</strong></span> <span class='ocrx_word' id='word_1_40' title='bbox 566 787 708 853; x_wconf 83' lang='lat' dir='ltr'><strong>Suidana</strong></span> <span class='ocrx_word' id='word_1_41' title='bbox 741 789 825 854; x_wconf 90' lang='lat' dir='ltr'><strong>mole</strong></span> <span class='ocrx_word' id='word_1_42' title='bbox 857 789 953 869; x_wconf 89' lang='lat' dir='ltr'><strong>plane</strong></span> <span class='ocrx_word' id='word_1_43' title='bbox 987 788 1181 854; x_wconf 88' lang='lat' dir='ltr'><strong>contrariam</strong></span> <span class='ocrx_word' id='word_1_44' title='bbox 1215 787 1339 868; x_wconf 78' lang='lat' dir='ltr'><strong>volgari</strong></span> <span class='ocrx_word' id='word_1_45' title='bbox 1374 787 1454 848; x_wconf 83' lang='lat' dir='ltr'><strong>uiam</strong></span> 
     </span>
     <span class='ocr_line' id='line_1_7' title="bbox 231 893 1454 976; baseline -0.002 -19"><span class='ocrx_word' id='word_1_46' title='bbox 231 894 444 975; x_wconf 81' lang='lat' dir='ltr'><strong>ingredietur,</strong></span> <span class='ocrx_word' id='word_1_47' title='bbox 474 893 624 976; x_wconf 90' lang='lat' dir='ltr'><strong>quoniam</strong></span> <span class='ocrx_word' id='word_1_48' title='bbox 655 914 718 960; x_wconf 87' lang='lat' dir='ltr'><strong>uon</strong></span> <span class='ocrx_word' id='word_1_49' title='bbox 750 897 841 976; x_wconf 88' lang='lat' dir='ltr'><strong>quasi</strong></span> <span class='ocrx_word' id='word_1_50' title='bbox 871 915 890 960; x_wconf 91' lang='lat' dir='ltr'><strong>a</strong></span> <span class='ocrx_word' id='word_1_51' title='bbox 918 894 1125 960; x_wconf 87' lang='lat' dir='ltr'><strong>fundamento</strong></span> <span class='ocrx_word' id='word_1_52' title='bbox 1157 893 1337 958; x_wconf 83' lang='lat' dir='ltr'><strong>exeundum</strong></span> <span class='ocrx_word' id='word_1_53' title='bbox 1366 899 1454 956; x_wconf 89' lang='lat' dir='ltr'><strong>csta</strong></span> 
     </span>
     <span class='ocr_line' id='line_1_8' title="bbox 232 999 1454 1082; baseline -0.003 -17"><span class='ocrx_word' id='word_1_54' title='bbox 232 999 330 1065; x_wconf 86' lang='lat' dir='ltr'><strong>Suida</strong></span> <span class='ocrx_word' id='word_1_55' title='bbox 352 1001 383 1064; x_wconf 94' lang='lat' dir='ltr'><strong>in</strong></span> <span class='ocrx_word' id='word_1_56' title='bbox 409 1019 511 1082; x_wconf 86' lang='lat' dir='ltr'><strong>eoque</strong></span> <span class='ocrx_word' id='word_1_57' title='bbox 535 1001 712 1081; x_wconf 84' lang='lat' dir='ltr'><strong>disputatio</strong></span> <span class='ocrx_word' id='word_1_58' title='bbox 736 1002 929 1068; x_wconf 86' lang='lat' dir='ltr'><strong>continenda</strong></span> <span class='ocrx_word' id='word_1_59' title='bbox 952 1002 1009 1066; x_wconf 90' lang='lat' dir='ltr'><strong>sod</strong></span> <span class='ocrx_word' id='word_1_60' title='bbox 1032 1020 1053 1066; x_wconf 90' lang='lat' dir='ltr'><strong>a</strong></span> <span class='ocrx_word' id='word_1_61' title='bbox 1073 1001 1206 1066; x_wconf 87' lang='lat' dir='ltr'><strong>meliore</strong></span> <span class='ocrx_word' id='word_1_62' title='bbox 1222 1001 1370 1078; x_wconf 84' lang='lat' dir='ltr'><strong>materia,</strong></span> <span class='ocrx_word' id='word_1_63' title='bbox 1395 1017 1454 1080; x_wconf 87' lang='lat' dir='ltr'><strong>qua</strong></span> 
     </span>
     <span class='ocr_line' id='line_1_9' title="bbox 230 1106 1454 1190; baseline -0.001 -20"><span class='ocrx_word' id='word_1_64' title='bbox 230 1106 440 1186; x_wconf 89' lang='lat' dir='ltr'><strong>abundamus,</strong></span> <span class='ocrx_word' id='word_1_65' title='bbox 458 1107 598 1172; x_wconf 88' lang='lat' dir='ltr'><strong>discreta</strong></span> <span class='ocrx_word' id='word_1_66' title='bbox 613 1126 653 1172; x_wconf 89' lang='lat' dir='ltr'><strong>ea</strong></span> <span class='ocrx_word' id='word_1_67' title='bbox 669 1109 798 1190; x_wconf 89' lang='lat' dir='ltr'><strong>quidem</strong></span> <span class='ocrx_word' id='word_1_68' title='bbox 814 1115 847 1174; x_wconf 91' lang='lat' dir='ltr'><strong>et</strong></span> <span class='ocrx_word' id='word_1_69' title='bbox 863 1109 1044 1174; x_wconf 83' lang='lat' dir='ltr'><strong>examinata</strong></span> <span class='ocrx_word' id='word_1_70' title='bbox 1060 1109 1101 1172; x_wconf 89' lang='lat' dir='ltr'><strong>ad</strong></span> <span class='ocrx_word' id='word_1_71' title='bbox 1118 1106 1248 1174; x_wconf 85' lang='lat' dir='ltr'><strong>Suidam</strong></span> <span class='ocrx_word' id='word_1_72' title='bbox 1265 1106 1454 1170; x_wconf 85' lang='lat' dir='ltr'><strong>ascendatur</strong></span> 
     </span>
     <span class='ocr_line' id='line_1_10' title="bbox 231 1213 1452 1294; baseline -0.002 -17"><span class='ocrx_word' id='word_1_73' title='bbox 231 1231 362 1278; x_wconf 84' lang='lat' dir='ltr'><strong>necasse</strong></span> <span class='ocrx_word' id='word_1_74' title='bbox 397 1219 455 1278; x_wconf 78' lang='lat' dir='ltr'><strong>est</strong></span> <span class='ocrx_word' id='word_1_75' title='bbox 508 1213 620 1278; x_wconf 85' lang='lat' dir='ltr'><strong>Dicam</strong></span> <span class='ocrx_word' id='word_1_76' title='bbox 651 1215 737 1294; x_wconf 88' lang='lat' dir='ltr'><strong>quod</strong></span> <span class='ocrx_word' id='word_1_77' title='bbox 772 1217 890 1282; x_wconf 90' lang='lat' dir='ltr'><strong>sentio:</strong></span> <span class='ocrx_word' id='word_1_78' title='bbox 927 1221 963 1281; x_wconf 93' lang='lat' dir='ltr'><strong>ut</strong></span> <span class='ocrx_word' id='word_1_79' title='bbox 998 1215 1093 1280; x_wconf 90' lang='lat' dir='ltr'><strong>hodic</strong></span> <span class='ocrx_word' id='word_1_80' title='bbox 1128 1219 1193 1278; x_wconf 91' lang='lat' dir='ltr'><strong>tam</strong></span> <span class='ocrx_word' id='word_1_81' title='bbox 1225 1231 1329 1294; x_wconf 90' lang='lat' dir='ltr'><strong>pauca</strong></span> <span class='ocrx_word' id='word_1_82' title='bbox 1358 1219 1452 1294; x_wconf 81' lang='lat' dir='ltr'><strong>atquo</strong></span> 
     </span>
     <span class='ocr_line' id='line_1_11' title="bbox 230 1318 1452 1403; baseline -0.002 -20"><span class='ocrx_word' id='word_1_83' title='bbox 230 1320 347 1401; x_wconf 91' lang='lat' dir='ltr'><strong>pusilla</strong></span> <span class='ocrx_word' id='word_1_84' title='bbox 381 1320 421 1384; x_wconf 89' lang='lat' dir='ltr'><strong>de</strong></span> <span class='ocrx_word' id='word_1_85' title='bbox 453 1320 662 1400; x_wconf 83' lang='lat' dir='ltr'><strong>biographica</strong></span> <span class='ocrx_word' id='word_1_86' title='bbox 696 1327 844 1386; x_wconf 87' lang='lat' dir='ltr'><strong>constent</strong></span> <span class='ocrx_word' id='word_1_87' title='bbox 878 1323 1046 1400; x_wconf 87' lang='lat' dir='ltr'><strong>memoria,</strong></span> <span class='ocrx_word' id='word_1_88' title='bbox 1087 1339 1240 1403; x_wconf 82' lang='lat' dir='ltr'><strong>perversa</strong></span> <span class='ocrx_word' id='word_1_89' title='bbox 1274 1318 1452 1402; x_wconf 90' lang='lat' dir='ltr'><strong>inquirendi</strong></span> 
     </span>
     <span class='ocr_line' id='line_1_12' title="bbox 232 1425 1453 1494; baseline -0.002 -4"><span class='ocrx_word' id='word_1_90' title='bbox 232 1426 461 1492; x_wconf 87' lang='lat' dir='ltr'><strong>consuetudine</strong></span> <span class='ocrx_word' id='word_1_91' title='bbox 491 1431 526 1491; x_wconf 91' lang='lat' dir='ltr'><strong>et</strong></span> <span class='ocrx_word' id='word_1_92' title='bbox 554 1428 679 1492; x_wconf 87' lang='lat' dir='ltr'><strong>ratione</strong></span> <span class='ocrx_word' id='word_1_93' title='bbox 711 1427 858 1494; x_wconf 86' lang='lat' dir='ltr'><strong>effectum</strong></span> <span class='ocrx_word' id='word_1_94' title='bbox 883 1434 940 1494; x_wconf 88' lang='lat' dir='ltr'><strong>est.</strong></span> <span class='ocrx_word' id='word_1_95' title='bbox 990 1429 1128 1493; x_wconf 82' lang='lat' dir='ltr'><strong>Molesta</strong></span> <span class='ocrx_word' id='word_1_96' title='bbox 1152 1445 1229 1492; x_wconf 90' lang='lat' dir='ltr'><strong>sane</strong></span> <span class='ocrx_word' id='word_1_97' title='bbox 1254 1429 1288 1490; x_wconf 85' lang='lat' dir='ltr'><strong>et</strong></span> <span class='ocrx_word' id='word_1_98' title='bbox 1310 1425 1453 1490; x_wconf 85' lang='lat' dir='ltr'><strong>modesta</strong></span> 
     </span>
     <span class='ocr_line' id='line_1_13' title="bbox 229 1531 1451 1616; baseline -0.002 -19"><span class='ocrx_word' id='word_1_99' title='bbox 229 1552 268 1598; x_wconf 92' lang='lat' dir='ltr'><strong>ea</strong></span> <span class='ocrx_word' id='word_1_100' title='bbox 297 1552 392 1616; x_wconf 89' lang='lat' dir='ltr'><strong>quam</strong></span> <span class='ocrx_word' id='word_1_101' title='bbox 419 1553 479 1616; x_wconf 84' lang='lat' dir='ltr'><strong>ego</strong></span> <span class='ocrx_word' id='word_1_102' title='bbox 509 1553 654 1616; x_wconf 89' lang='lat' dir='ltr'><strong>propono</strong></span> <span class='ocrx_word' id='word_1_103' title='bbox 684 1540 734 1600; x_wconf 89' lang='lat' dir='ltr'><strong>est</strong></span> <span class='ocrx_word' id='word_1_104' title='bbox 764 1537 935 1616; x_wconf 82' lang='lat' dir='ltr'><strong>scrutatio,</strong></span> <span class='ocrx_word' id='word_1_105' title='bbox 972 1536 1030 1600; x_wconf 91' lang='lat' dir='ltr'><strong>sed</strong></span> <span class='ocrx_word' id='word_1_106' title='bbox 1058 1535 1098 1598; x_wconf 91' lang='lat' dir='ltr'><strong>iis</strong></span> <span class='ocrx_word' id='word_1_107' title='bbox 1125 1533 1311 1598; x_wconf 83' lang='lat' dir='ltr'><strong>neccssaria</strong></span> <span class='ocrx_word' id='word_1_108' title='bbox 1338 1533 1394 1613; x_wconf 92' lang='lat' dir='ltr'><strong>qui</strong></span> <span class='ocrx_word' id='word_1_109' title='bbox 1423 1531 1451 1594; x_wconf 90' lang='lat' dir='ltr'><strong>in</strong></span> 
     </span>
     <span class='ocr_line' id='line_1_14' title="bbox 229 1637 1448 1726; baseline -0.003 -22"><span class='ocrx_word' id='word_1_110' title='bbox 229 1639 365 1705; x_wconf 88' lang='lat' dir='ltr'><strong>historia</strong></span> <span class='ocrx_word' id='word_1_111' title='bbox 387 1639 569 1706; x_wconf 87' lang='lat' dir='ltr'><strong>litterarum</strong></span> <span class='ocrx_word' id='word_1_112' title='bbox 585 1659 772 1722; x_wconf 82' lang='lat' dir='ltr'><strong>graecarum</strong></span> <span class='ocrx_word' id='word_1_113' title='bbox 789 1643 889 1724; x_wconf 90' lang='lat' dir='ltr'><strong>probe</strong></span> <span class='ocrx_word' id='word_1_114' title='bbox 905 1641 1127 1726; x_wconf 81' lang='lat' dir='ltr'><strong>cognoscenda</strong></span> <span class='ocrx_word' id='word_1_115' title='bbox 1149 1640 1260 1704; x_wconf 86' lang='lat' dir='ltr'><strong>volant</strong></span> <span class='ocrx_word' id='word_1_116' title='bbox 1282 1637 1448 1721; x_wconf 86' lang='lat' dir='ltr'><strong>proficere.</strong></span> 
     </span>
     <span class='ocr_line' id='line_1_15' title="bbox 229 1746 1451 1832; baseline -0.002 -21"><span class='ocrx_word' id='word_1_117' title='bbox 229 1747 346 1830; x_wconf 81' lang='lat' dir='ltr'><strong>Ingens</strong></span> <span class='ocrx_word' id='word_1_118' title='bbox 369 1749 434 1813; x_wconf 91' lang='lat' dir='ltr'><strong>iam</strong></span> <span class='ocrx_word' id='word_1_119' title='bbox 463 1750 608 1830; x_wconf 87' lang='lat' dir='ltr'><strong>aperitur</strong></span> <span class='ocrx_word' id='word_1_120' title='bbox 635 1749 728 1832; x_wconf 90' lang='lat' dir='ltr'><strong>copia</strong></span> <span class='ocrx_word' id='word_1_121' title='bbox 756 1753 790 1814; x_wconf 87' lang='lat' dir='ltr'><strong>et</strong></span> <span class='ocrx_word' id='word_1_122' title='bbox 817 1767 902 1830; x_wconf 89' lang='lat' dir='ltr'><strong>quae</strong></span> <span class='ocrx_word' id='word_1_123' title='bbox 935 1748 1113 1814; x_wconf 89' lang='lat' dir='ltr'><strong>coniunctis</strong></span> <span class='ocrx_word' id='word_1_124' title='bbox 1136 1747 1311 1812; x_wconf 86' lang='lat' dir='ltr'><strong>multorum</strong></span> <span class='ocrx_word' id='word_1_125' title='bbox 1334 1746 1451 1812; x_wconf 83' lang='lat' dir='ltr'><strong>viribus</strong></span> 
     </span>
     <span class='ocr_line' id='line_1_16' title="bbox 229 1851 1451 1938; baseline -0.005 -20"><span class='ocrx_word' id='word_1_126' title='bbox 229 1860 446 1936; x_wconf 85' lang='lat' dir='ltr'><strong>pertractetur</strong></span> <span class='ocrx_word' id='word_1_127' title='bbox 469 1855 666 1936; x_wconf 85' lang='lat' dir='ltr'><strong>dignissima.</strong></span> <span class='ocrx_word' id='word_1_128' title='bbox 714 1856 826 1938; x_wconf 90' lang='lat' dir='ltr'><strong>Neque</strong></span> <span class='ocrx_word' id='word_1_129' title='bbox 849 1855 949 1937; x_wconf 84' lang='lat' dir='ltr'><strong>igitur</strong></span> <span class='ocrx_word' id='word_1_130' title='bbox 977 1859 1138 1920; x_wconf 85' lang='lat' dir='ltr'><strong>attotam</strong></span> <span class='ocrx_word' id='word_1_131' title='bbox 1167 1853 1263 1919; x_wconf 91' lang='lat' dir='ltr'><strong>simul</strong></span> <span class='ocrx_word' id='word_1_132' title='bbox 1291 1873 1362 1920; x_wconf 93' lang='lat' dir='ltr'><strong>cum</strong></span> <span class='ocrx_word' id='word_1_133' title='bbox 1386 1851 1451 1934; x_wconf 92' lang='lat' dir='ltr'><strong>pul-</strong></span> 
     </span>
     <span class='ocr_line' id='line_1_17' title="bbox 229 1960 1450 2044; baseline -0.003 -18"><span class='ocrx_word' id='word_1_134' title='bbox 229 1961 349 2027; x_wconf 87' lang='lat' dir='ltr'><strong>visculo</strong></span> <span class='ocrx_word' id='word_1_135' title='bbox 386 1961 586 2042; x_wconf 81' lang='lat' dir='ltr'><strong>exhauriam,</strong></span> <span class='ocrx_word' id='word_1_136' title='bbox 623 1963 680 2028; x_wconf 87' lang='lat' dir='ltr'><strong>sed</strong></span> <span class='ocrx_word' id='word_1_137' title='bbox 716 1963 801 2028; x_wconf 88' lang='lat' dir='ltr'><strong>viam</strong></span> <span class='ocrx_word' id='word_1_138' title='bbox 829 1967 865 2028; x_wconf 92' lang='lat' dir='ltr'><strong>ut</strong></span> <span class='ocrx_word' id='word_1_139' title='bbox 894 1967 1139 2028; x_wconf 88' lang='lat' dir='ltr'><strong>commonstrem</strong></span> <span class='ocrx_word' id='word_1_140' title='bbox 1169 1981 1234 2044; x_wconf 89' lang='lat' dir='ltr'><strong>qua</strong></span> <span class='ocrx_word' id='word_1_141' title='bbox 1261 1960 1302 2026; x_wconf 90' lang='lat' dir='ltr'><strong>ad</strong></span> <span class='ocrx_word' id='word_1_142' title='bbox 1332 1965 1450 2026; x_wconf 89' lang='lat' dir='ltr'><strong>certum</strong></span> 
     </span>
     <span class='ocr_line' id='line_1_18' title="bbox 229 2066 1450 2152; baseline -0.004 -18"><span class='ocrx_word' id='word_1_143' title='bbox 229 2069 388 2150; x_wconf 90' lang='lat' dir='ltr'><strong>quendam</strong></span> <span class='ocrx_word' id='word_1_144' title='bbox 412 2066 508 2133; x_wconf 87' lang='lat' dir='ltr'><strong>finem</strong></span> <span class='ocrx_word' id='word_1_145' title='bbox 531 2070 748 2151; x_wconf 84' lang='lat' dir='ltr'><strong>perveniatur,</strong></span> <span class='ocrx_word' id='word_1_146' title='bbox 773 2068 902 2151; x_wconf 80' lang='lat' dir='ltr'><strong>profero</strong></span> <span class='ocrx_word' id='word_1_147' title='bbox 926 2069 1109 2152; x_wconf 91' lang='lat' dir='ltr'><strong>quaemihi</strong></span> <span class='ocrx_word' id='word_1_148' title='bbox 1133 2068 1310 2134; x_wconf 80' lang='lat' dir='ltr'><strong>extricasse</strong></span> <span class='ocrx_word' id='word_1_149' title='bbox 1333 2067 1450 2132; x_wconf 86' lang='lat' dir='ltr'><strong>uideor.</strong></span> 
     </span>
    </p>
   </div>
   <div class='ocr_carea' id='block_1_3' title="bbox 726 2261 954 2319">
    <p class='ocr_par' dir='ltr' id='par_1_3' title="bbox 726 2261 954 2319">
     <span class='ocr_line' id='line_1_19' title="bbox 726 2261 954 2319; baseline 0.004 -2"><span class='ocrx_word' id='word_1_150' title='bbox 726 2265 753 2318; x_wconf 87' lang='grc'><strong>1.</strong></span> <span class='ocrx_word' id='word_1_151' title='bbox 776 2265 820 2318; x_wconf 81' lang='lat' dir='ltr'><strong>lle</strong></span> <span class='ocrx_word' id='word_1_152' title='bbox 838 2261 954 2319; x_wconf 81' lang='lat' dir='ltr'><strong>hratls.</strong></span> 
     </span>
    </p>
   </div>
   <div class='ocr_carea' id='block_1_4' title="bbox 227 2383 1449 3434">
    <p class='ocr_par' dir='ltr' id='par_1_4' title="bbox 227 2383 1449 3325">
     <span class='ocr_line' id='line_1_20' title="bbox 317 2383 1449 2471; baseline -0.005 -19"><span class='ocrx_word' id='word_1_153' title='bbox 317 2389 366 2452; x_wconf 91' lang='lat' dir='ltr'><strong>De</strong></span> <span class='ocrx_word' id='word_1_154' title='bbox 390 2389 490 2455; x_wconf 78' lang='lat' dir='ltr'><strong>Arato</strong></span> <span class='ocrx_word' id='word_1_155' title='bbox 515 2387 646 2470; x_wconf 86' lang='lat' dir='ltr'><strong>Suidas,</strong></span> <span class='ocrx_word' id='word_1_156' title='bbox 680 2395 715 2453; x_wconf 90' lang='lat' dir='ltr'><strong>ut</strong></span> <span class='ocrx_word' id='word_1_157' title='bbox 739 2389 806 2454; x_wconf 84' lang='lat' dir='ltr'><strong>lere</strong></span> <span class='ocrx_word' id='word_1_158' title='bbox 830 2387 881 2470; x_wconf 89' lang='lat' dir='ltr'><strong>fit,</strong></span> <span class='ocrx_word' id='word_1_159' title='bbox 913 2389 1061 2471; x_wconf 83' lang='lat' dir='ltr'><strong>congruit</strong></span> <span class='ocrx_word' id='word_1_160' title='bbox 1084 2407 1155 2454; x_wconf 90' lang='lat' dir='ltr'><strong>cum</strong></span> <span class='ocrx_word' id='word_1_161' title='bbox 1179 2405 1338 2468; x_wconf 86' lang='lat' dir='ltr'><strong>anonymo</strong></span> <span class='ocrx_word' id='word_1_162' title='bbox 1364 2383 1449 2450; x_wconf 73' lang='lat' dir='ltr'><strong>Arati</strong></span> 
     </span>
     <span class='ocr_line' id='line_1_21' title="bbox 230 2486 1447 2578; baseline -0.004 -19"><span class='ocrx_word' id='word_1_163' title='bbox 230 2495 408 2576; x_wconf 86' lang='lat' dir='ltr'><strong>biographo</strong></span> <span class='ocrx_word' id='word_1_164' title='bbox 449 2486 553 2577; x_wconf 85' lang='lat' dir='ltr'><strong>[apud</strong></span> <span class='ocrx_word' id='word_1_165' title='bbox 597 2495 877 2562; x_wconf 87' lang='lat' dir='ltr'><strong>Westsrmannum</strong></span> <span class='ocrx_word' id='word_1_166' title='bbox 922 2495 1102 2578; x_wconf 78' lang='lat' dir='ltr'><strong>‘biographi</strong></span> <span class='ocrx_word' id='word_1_167' title='bbox 1148 2494 1256 2576; x_wconf 82' lang='lat' dir='ltr'><strong>graeci</strong></span> <span class='ocrx_word' id='word_1_168' title='bbox 1303 2491 1447 2558; x_wconf 84' lang='lat' dir='ltr'><strong>minoros&#39;</strong></span> 
     </span>
     <span class='ocr_line' id='line_1_22' title="bbox 229 2600 1445 2685; baseline 0 -21"><span class='ocrx_word' id='word_1_169' title='bbox 229 2621 258 2682; x_wconf 95' lang='lat' dir='ltr'><strong>p.</strong></span> <span class='ocrx_word' id='word_1_170' title='bbox 278 2603 319 2664; x_wconf 86' lang='lat'><strong>52</strong></span> <span class='ocrx_word' id='word_1_171' title='bbox 344 2601 443 2685; x_wconf 86' lang='lat' dir='ltr'><strong>sqq.],</strong></span> <span class='ocrx_word' id='word_1_172' title='bbox 473 2601 534 2666; x_wconf 89' lang='lat' dir='ltr'><strong>nisi</strong></span> <span class='ocrx_word' id='word_1_173' title='bbox 564 2603 649 2684; x_wconf 92' lang='lat' dir='ltr'><strong>quod</strong></span> <span class='ocrx_word' id='word_1_174' title='bbox 672 2603 827 2684; x_wconf 89' lang='lat' dir='ltr'><strong>pleraque</strong></span> <span class='ocrx_word' id='word_1_175' title='bbox 851 2603 1039 2668; x_wconf 86' lang='lat' dir='ltr'><strong>brevissime</strong></span> <span class='ocrx_word' id='word_1_176' title='bbox 1064 2600 1195 2666; x_wconf 85' lang='lat' dir='ltr'><strong>exhibet</strong></span> <span class='ocrx_word' id='word_1_177' title='bbox 1218 2601 1251 2664; x_wconf 93' lang='lat' dir='ltr'><strong>in</strong></span> <span class='ocrx_word' id='word_1_178' title='bbox 1275 2602 1387 2681; x_wconf 89' lang='lat' dir='ltr'><strong>paucis</strong></span> <span class='ocrx_word' id='word_1_179' title='bbox 1412 2633 1445 2644; x_wconf 83' lang='lat'><strong>-</strong></span> 
     </span>
     <span class='ocr_line' id='line_1_23' title="bbox 228 2703 1446 2791; baseline -0.004 -20"><span class='ocrx_word' id='word_1_180' title='bbox 228 2707 400 2789; x_wconf 87' lang='lat' dir='ltr'><strong>praecipue</strong></span> <span class='ocrx_word' id='word_1_181' title='bbox 429 2707 461 2772; x_wconf 91' lang='lat' dir='ltr'><strong>in</strong></span> <span class='ocrx_word' id='word_1_182' title='bbox 490 2707 644 2773; x_wconf 89' lang='lat' dir='ltr'><strong>librorum</strong></span> <span class='ocrx_word' id='word_1_183' title='bbox 675 2710 862 2774; x_wconf 87' lang='lat' dir='ltr'><strong>recensione</strong></span> <span class='ocrx_word' id='word_1_184' title='bbox 891 2747 933 2754; x_wconf 94' lang='lat'><em>-</em></span> <span class='ocrx_word' id='word_1_185' title='bbox 963 2709 1131 2791; x_wconf 91' lang='lat' dir='ltr'><strong>copiosior.</strong></span> <span class='ocrx_word' id='word_1_186' title='bbox 1185 2707 1371 2789; x_wconf 82' lang='lat' dir='ltr'><strong>Auunymus</strong></span> <span class='ocrx_word' id='word_1_187' title='bbox 1399 2703 1446 2768; x_wconf 86' lang='lat' dir='ltr'><strong>illo</strong></span> 
     </span>
     <span class='ocr_line' id='line_1_24' title="bbox 229 2811 1447 2897; baseline -0.003 -19"><span class='ocrx_word' id='word_1_188' title='bbox 229 2813 356 2878; x_wconf 86' lang='lat' dir='ltr'><strong>excellit</strong></span> <span class='ocrx_word' id='word_1_189' title='bbox 376 2813 477 2895; x_wconf 89' lang='lat' dir='ltr'><strong>proba</strong></span> <span class='ocrx_word' id='word_1_190' title='bbox 493 2815 631 2896; x_wconf 89' lang='lat' dir='ltr'><strong>quadam</strong></span> <span class='ocrx_word' id='word_1_191' title='bbox 647 2815 843 2894; x_wconf 86' lang='lat' dir='ltr'><strong>eruditionc;</strong></span> <span class='ocrx_word' id='word_1_192' title='bbox 868 2815 1091 2897; x_wconf 81' lang='lat' dir='ltr'><strong>Asclepiadem</strong></span> <span class='ocrx_word' id='word_1_193' title='bbox 1106 2813 1317 2896; x_wconf 86' lang='lat' dir='ltr'><strong>Myrlcanum,</strong></span> <span class='ocrx_word' id='word_1_194' title='bbox 1343 2811 1447 2878; x_wconf 80' lang='lat' dir='ltr'><strong>Archi·</strong></span> 
     </span>
     <span class='ocr_line' id='line_1_25' title="bbox 228 2919 1445 3004; baseline -0.002 -20"><span class='ocrx_word' id='word_1_195' title='bbox 228 2921 369 3001; x_wconf 90' lang='lat' dir='ltr'><strong>lochum,</strong></span> <span class='ocrx_word' id='word_1_196' title='bbox 408 2921 670 3004; x_wconf 87' lang='lat' dir='ltr'><strong>Eratosthenem,</strong></span> <span class='ocrx_word' id='word_1_197' title='bbox 711 2921 897 2988; x_wconf 85' lang='lat' dir='ltr'><strong>Callimachi</strong></span> <span class='ocrx_word' id='word_1_198' title='bbox 934 2923 1183 3004; x_wconf 81' lang='lat' dir='ltr'><strong>epigrammata,</strong></span> <span class='ocrx_word' id='word_1_199' title='bbox 1222 2919 1445 2990; x_wconf 86' lang='lat' dir='ltr'><strong>Ptolemaeum,</strong></span> 
     </span>
     <span class='ocr_line' id='line_1_26' title="bbox 228 3025 1446 3110; baseline -0.004 -18"><span class='ocrx_word' id='word_1_200' title='bbox 228 3027 365 3109; x_wconf 84' lang='lat' dir='ltr'><strong>deniquo</strong></span> <span class='ocrx_word' id='word_1_201' title='bbox 389 3027 611 3108; x_wconf 80' lang='lat' dir='ltr'><strong>Apollonidem</strong></span> <span class='ocrx_word' id='word_1_202' title='bbox 636 3029 844 3094; x_wconf 89' lang='lat' dir='ltr'><strong>Nicaeenaem</strong></span> <span class='ocrx_word' id='word_1_203' title='bbox 857 3025 911 3110; x_wconf 78' lang='lat'><strong>¹³³)</strong></span> <span class='ocrx_word' id='word_1_204' title='bbox 934 3029 1110 3094; x_wconf 83' lang='lat' dir='ltr'><strong>advocavit.</strong></span> <span class='ocrx_word' id='word_1_205' title='bbox 1155 3027 1322 3092; x_wconf 81' lang='lat' dir='ltr'><strong>Accedunt</strong></span> <span class='ocrx_word' id='word_1_206' title='bbox 1344 3027 1446 3090; x_wconf 90' lang='lat' dir='ltr'><strong>homo·</strong></span> 
     </span>
     <span class='ocr_line' id='line_1_27' title="bbox 228 3131 1445 3219; baseline -0.004 -23"><span class='ocrx_word' id='word_1_207' title='bbox 228 3133 328 3214; x_wconf 87' lang='lat' dir='ltr'><strong>nymi:</strong></span> <span class='ocrx_word' id='word_1_208' title='bbox 354 3138 419 3195; x_wconf 72' lang='lat' dir='ltr'><strong>nal</strong></span> <span class='ocrx_word' id='word_1_209' title='bbox 442 3131 558 3197; x_wconf 74' lang='grc' dir='ltr'><strong><em>ἄλλοι</em></strong></span> <span class='ocrx_word' id='word_1_210' title='bbox 582 3131 623 3196; x_wconf 76' lang='grc' dir='ltr'><strong>δὲ</strong></span> <span class='ocrx_word' id='word_1_211' title='bbox 645 3133 790 3199; x_wconf 76' lang='grc' dir='ltr'><strong><em>πολλοὶ</em></strong></span> <span class='ocrx_word' id='word_1_212' title='bbox 813 3131 987 3214; x_wconf 69' lang='grc' dir='ltr'><strong><em>γεγόνασιν</em></strong></span> <span class='ocrx_word' id='word_1_213' title='bbox 1001 3136 1132 3219; x_wconf 81' lang='grc' dir='ltr'><strong><em>’Ἁρατοι</em></strong></span> <span class='ocrx_word' id='word_1_214' title='bbox 1153 3133 1272 3218; x_wconf 80' lang='grc' dir='ltr'><em>ἄνδρες</em></span> <span class='ocrx_word' id='word_1_215' title='bbox 1287 3132 1445 3214; x_wconf 74' lang='grc' dir='ltr'><strong><em>ἐλλόγιμοι</em></strong></span> 
     </span>
     <span class='ocr_line' id='line_1_28' title="bbox 227 3236 464 3325; baseline 0.004 -23"><span class='ocrx_word' id='word_1_216' title='bbox 227 3236 464 3325; x_wconf 71' lang='grc' dir='ltr'><strong><em>ἲστοριογράφοι</em></strong></span> 
     </span>
    </p>

    <p class='ocr_par' dir='ltr' id='par_1_5' title="bbox 272 3341 1444 3434">
     <span class='ocr_line' id='line_1_29' title="bbox 272 3341 1444 3434; baseline 0.002 -26"><span class='ocrx_word' id='word_1_217' title='bbox 272 3342 375 3432; x_wconf 80' lang='grc' dir='ltr'><strong><em>ὥσπερ</em></strong></span> <span class='ocrx_word' id='word_1_218' title='bbox 388 3343 406 3409; x_wconf 78' lang='grc' dir='ltr'><em>ὃ</em></span> <span class='ocrx_word' id='word_1_219' title='bbox 418 3346 601 3422; x_wconf 77' lang='grc' dir='ltr'><strong>Κνίδιος,</strong></span> <span class='ocrx_word' id='word_1_220' title='bbox 616 3341 653 3412; x_wconf 82' lang='grc' dir='ltr'><strong>οὗ</strong></span> <span class='ocrx_word' id='word_1_221' title='bbox 667 3351 822 3434; x_wconf 76' lang='grc' dir='ltr'><strong><em>φέρονται</em></strong></span> <span class='ocrx_word' id='word_1_222' title='bbox 834 3343 1040 3430; x_wconf 71' lang='grc' dir='ltr'><strong>Αἰγυπτιακιὲ</strong></span> <span class='ocrx_word' id='word_1_223' title='bbox 1054 3345 1196 3432; x_wconf 73' lang='grc' dir='ltr'><strong>ἱστορικᾰ</strong></span> <span class='ocrx_word' id='word_1_224' title='bbox 1207 3346 1444 3434; x_wconf 77' lang='grc' dir='ltr'><strong>συγγράμματα·</strong></span> 
     </span>
    </p>
   </div>
   <div class='ocr_carea' id='block_1_5' title="bbox 226 3575 1442 4165">
    <p class='ocr_par' dir='ltr' id='par_1_6' title="bbox 226 3575 1442 3822">
     <span class='ocr_line' id='line_1_30' title="bbox 228 3575 1442 3648; baseline -0.004 -18"><span class='ocrx_word' id='word_1_225' title='bbox 228 3576 300 3630; x_wconf 74' lang='lat' dir='ltr'><strong>vitae</strong></span> <span class='ocrx_word' id='word_1_226' title='bbox 319 3575 388 3630; x_wconf 77' lang='lat' dir='ltr'><strong>haec</strong></span> <span class='ocrx_word' id='word_1_227' title='bbox 408 3575 562 3630; x_wconf 82' lang='lat' dir='ltr'><strong>subiunxit:</strong></span> <span class='ocrx_word' id='word_1_228' title='bbox 582 3579 667 3629; x_wconf 84' lang='lat' dir='ltr'><strong>‘Duos</strong></span> <span class='ocrx_word' id='word_1_229' title='bbox 690 3579 859 3630; x_wconf 81' lang='lat' dir='ltr'><strong>Terentius</strong></span> <span class='ocrx_word' id='word_1_230' title='bbox 872 3587 963 3645; x_wconf 80' lang='lat' dir='ltr'><strong>poetas</strong></span> <span class='ocrx_word' id='word_1_231' title='bbox 973 3582 1064 3648; x_wconf 79' lang='lat' dir='ltr'><strong>sur&#39;sse</strong></span> <span class='ocrx_word' id='word_1_232' title='bbox 1082 3581 1171 3630; x_wconf 77' lang='lat' dir='ltr'><strong>scribit</strong></span> <span class='ocrx_word' id='word_1_233' title='bbox 1183 3579 1321 3639; x_wconf 81' lang='lat' dir='ltr'><strong>Metius,</strong></span> <span class='ocrx_word' id='word_1_234' title='bbox 1340 3591 1442 3644; x_wconf 78' lang='lat' dir='ltr'><strong>quoram</strong></span> 
     </span>
     <span class='ocr_line' id='line_1_31' title="bbox 228 3665 1442 3736; baseline -0.002 -18"><span class='ocrx_word' id='word_1_235' title='bbox 228 3671 297 3718; x_wconf 83' lang='lat' dir='ltr'><strong>alter</strong></span> <span class='ocrx_word' id='word_1_236' title='bbox 316 3667 494 3732; x_wconf 75' lang='lat' dir='ltr'><strong>Fregellanus</strong></span> <span class='ocrx_word' id='word_1_237' title='bbox 504 3669 596 3735; x_wconf 75' lang='lat' dir='ltr'><strong>suerit</strong></span> <span class='ocrx_word' id='word_1_238' title='bbox 618 3669 753 3718; x_wconf 82' lang='lat' dir='ltr'><strong>Terentius</strong></span> <span class='ocrx_word' id='word_1_239' title='bbox 772 3669 1090 3730; x_wconf 74' lang='lat' dir='ltr'><strong>L1b0,alterlahertinus</strong></span> <span class='ocrx_word' id='word_1_240' title='bbox 1112 3669 1248 3718; x_wconf 78' lang='lat' dir='ltr'><strong>Terentius</strong></span> <span class='ocrx_word' id='word_1_241' title='bbox 1266 3669 1338 3736; x_wconf 76' lang='lat' dir='ltr'><strong>Aser</strong></span> <span class='ocrx_word' id='word_1_242' title='bbox 1352 3665 1442 3732; x_wconf 67' lang='lat' dir='ltr'><strong>patrum</strong></span> 
     </span>
     <span class='ocr_line' id='line_1_32' title="bbox 226 3755 579 3822; baseline 0 -15"><span class='ocrx_word' id='word_1_243' title='bbox 226 3760 259 3807; x_wconf 83' lang='lat' dir='ltr'><strong>de</strong></span> <span class='ocrx_word' id='word_1_244' title='bbox 276 3773 326 3822; x_wconf 82' lang='lat' dir='ltr'><strong>quo</strong></span> <span class='ocrx_word' id='word_1_245' title='bbox 344 3774 415 3807; x_wconf 87' lang='lat' dir='ltr'><strong>nunc</strong></span> <span class='ocrx_word' id='word_1_246' title='bbox 432 3755 579 3822; x_wconf 54' lang='lat' dir='ltr'><strong>loquimur&amp;</strong></span> 
     </span>
    </p>

    <p class='ocr_par' dir='ltr' id='par_1_7' title="bbox 227 3839 1441 4165">
     <span class='ocr_line' id='line_1_33' title="bbox 300 3839 1441 3912; baseline -0.004 -15"><span class='ocrx_word' id='word_1_247' title='bbox 300 3841 351 3911; x_wconf 78' lang='lat'>¹³³)</span> <span class='ocrx_word' id='word_1_248' title='bbox 364 3844 558 3911; x_wconf 72' lang='grc' dir='ltr'><strong>Ἀπολλωνίδης</strong></span> <span class='ocrx_word' id='word_1_249' title='bbox 576 3841 733 3912; x_wconf 69' lang='grc' dir='ltr'><strong>ὁιίηιμὺς</strong></span> <span class='ocrx_word' id='word_1_250' title='bbox 752 3845 811 3898; x_wconf 90' lang='lat' dir='ltr'><strong>cod.</strong></span> <span class='ocrx_word' id='word_1_251' title='bbox 830 3845 986 3900; x_wconf 80' lang='lat' dir='ltr'><strong>emendarit</strong></span> <span class='ocrx_word' id='word_1_252' title='bbox 1003 3841 1144 3898; x_wconf 86' lang='lat' dir='ltr'><strong>Bentleius</strong></span> <span class='ocrx_word' id='word_1_253' title='bbox 1162 3841 1198 3896; x_wconf 81' lang='lat' dir='ltr'><strong>cl.</strong></span> <span class='ocrx_word' id='word_1_254' title='bbox 1213 3841 1323 3896; x_wconf 83' lang='lat' dir='ltr'><strong>Bentlei</strong></span> <span class='ocrx_word' id='word_1_255' title='bbox 1342 3839 1441 3896; x_wconf 78' lang='lat' dir='ltr'><strong>Phalar·</strong></span> 
     </span>
     <span class='ocr_line' id='line_1_34' title="bbox 228 3931 1440 4002; baseline -0.002 -18"><span class='ocrx_word' id='word_1_256' title='bbox 228 3947 254 3999; x_wconf 89' lang='lat' dir='ltr'><strong>p.</strong></span> <span class='ocrx_word' id='word_1_257' title='bbox 274 3933 305 3986; x_wconf 81' lang='lat' dir='ltr'><strong>ll</strong></span> <span class='ocrx_word' id='word_1_258' title='bbox 327 3931 448 4000; x_wconf 83' lang='lat' dir='ltr'><strong>[Lipsiae</strong></span> <span class='ocrx_word' id='word_1_259' title='bbox 470 3931 557 4002; x_wconf 80' lang='lat'>18311.</span> <span class='ocrx_word' id='word_1_260' title='bbox 594 3933 723 3986; x_wconf 82' lang='lat' dir='ltr'><strong>(laterum</strong></span> <span class='ocrx_word' id='word_1_261' title='bbox 749 3949 809 3986; x_wconf 89' lang='lat' dir='ltr'><strong>cum</strong></span> <span class='ocrx_word' id='word_1_262' title='bbox 833 3933 943 3988; x_wconf 85' lang='lat' dir='ltr'><strong>scholiis</strong></span> <span class='ocrx_word' id='word_1_263' title='bbox 966 3933 1023 3988; x_wconf 84' lang='lat' dir='ltr'><strong>vita</strong></span> <span class='ocrx_word' id='word_1_264' title='bbox 1043 3933 1147 3986; x_wconf 75' lang='lat' dir='ltr'><strong>Aratea</strong></span> <span class='ocrx_word' id='word_1_265' title='bbox 1169 3946 1224 3986; x_wconf 92' lang='lat' dir='ltr'><strong>non</strong></span> <span class='ocrx_word' id='word_1_266' title='bbox 1248 3931 1289 3986; x_wconf 83' lang='lat' dir='ltr'><strong>ita</strong></span> <span class='ocrx_word' id='word_1_267' title='bbox 1311 3931 1440 3992; x_wconf 80' lang='lat' dir='ltr'><strong>cohaeret,</strong></span> 
     </span>
     <span class='ocr_line' id='line_1_35' title="bbox 228 4017 1440 4090; baseline -0.002 -18"><span class='ocrx_word' id='word_1_268' title='bbox 228 4023 260 4072; x_wconf 87' lang='lat' dir='ltr'><strong>ut</strong></span> <span class='ocrx_word' id='word_1_269' title='bbox 277 4017 368 4072; x_wconf 88' lang='lat' dir='ltr'><strong>dirimi</strong></span> <span class='ocrx_word' id='word_1_270' title='bbox 387 4027 513 4087; x_wconf 85' lang='lat' dir='ltr'><strong>nequeat.</strong></span> <span class='ocrx_word' id='word_1_271' title='bbox 548 4020 593 4074; x_wconf 82' lang='lat' dir='ltr'><strong>Ex</strong></span> <span class='ocrx_word' id='word_1_272' title='bbox 611 4037 671 4074; x_wconf 86' lang='lat' dir='ltr'><strong>msa</strong></span> <span class='ocrx_word' id='word_1_273' title='bbox 694 4022 831 4076; x_wconf 86' lang='lat' dir='ltr'><strong>sententia</strong></span> <span class='ocrx_word' id='word_1_274' title='bbox 848 4021 877 4075; x_wconf 91' lang='lat' dir='ltr'><strong>in</strong></span> <span class='ocrx_word' id='word_1_275' title='bbox 900 4021 1004 4076; x_wconf 85' lang='lat' dir='ltr'><strong>scholia</strong></span> <span class='ocrx_word' id='word_1_276' title='bbox 1028 4020 1113 4076; x_wconf 77' lang='lat' dir='ltr'><strong>inlata</strong></span> <span class='ocrx_word' id='word_1_277' title='bbox 1131 4025 1181 4076; x_wconf 80' lang='lat' dir='ltr'><strong>est</strong></span> <span class='ocrx_word' id='word_1_278' title='bbox 1219 4019 1296 4087; x_wconf 76' lang='lat' dir='ltr'><strong>Quae</strong></span> <span class='ocrx_word' id='word_1_279' title='bbox 1315 4027 1440 4090; x_wconf 79' lang='lat' dir='ltr'><strong>quatenus</strong></span> 
     </span>
     <span class='ocr_line' id='line_1_36' title="bbox 227 4105 941 4165; baseline 0 -5"><span class='ocrx_word' id='word_1_280' title='bbox 227 4106 288 4161; x_wconf 88' lang='lat' dir='ltr'><strong>iure</strong></span> <span class='ocrx_word' id='word_1_281' title='bbox 306 4105 339 4162; x_wconf 77' lang='lat' dir='ltr'><strong>ad</strong></span> <span class='ocrx_word' id='word_1_282' title='bbox 360 4107 497 4162; x_wconf 71' lang='lat' dir='ltr'><strong>Thermus</strong></span> <span class='ocrx_word' id='word_1_283' title='bbox 515 4109 671 4164; x_wconf 77' lang='lat' dir='ltr'><strong>reserantur</strong></span> <span class='ocrx_word' id='word_1_284' title='bbox 688 4109 808 4164; x_wconf 86' lang='lat' dir='ltr'><strong>nondum</strong></span> <span class='ocrx_word' id='word_1_285' title='bbox 826 4115 941 4165; x_wconf 84' lang='lat' dir='ltr'><strong>canstat.</strong></span> 
     </span>
    </p>
   </div>
   <div class='ocr_carea' id='block_1_6' title="bbox 0 0 1512 4858">
    <p class='ocr_par' dir='ltr' id='par_1_8' title="bbox 0 0 1512 4858">
     <span class='ocr_line' id='line_1_37' title="bbox 0 0 1512 4858; baseline 0 1"><span class='ocrx_word' id='word_1_286' title='bbox 0 0 1512 4858; x_wconf 95' lang='lat' dir='ltr'><strong> </strong></span> 
     </span>
    </p>
   </div>
  </div>
 </body>
</html>
