3016 4858
1223 227 1282 290 161

61 405 156 482 atque
179 398 361 482 probarem,
385 397 448 462 nisi
471 398 640 464 accederet
663 397 853 464 Xenocratis
868 399 945 464 vita
984 400 1121 483 legimus
1137 401 1181 468 IV
1198 405 1284 466 6-8

61 507 156 574 exilia
178 506 338 590 quaedam
361 525 379 571 e
401 504 580 587 biographo
603 506 801 590 transcripta
823 507 933 588 solito,
958 525 997 572 ex
1020 527 1083 591 quo
1106 509 1286 592 Hesychius

61 615 181 696 pendet
202 614 272 697 (qui
294 613 442 678 ultimum
465 611 717 696 apophthegm,
742 613 924 680 Alexandro
947 633 1146 698 responsum,
1170 618 1285 684 melius

62 721 216 800 servarim
246 718 409 786 sufficeret
437 719 490 785 hic
517 738 600 786 unus
629 720 719 786 locus
750 721 791 786 ad
819 721 991 787 stultitiam
1018 739 1129 789 eorrun
1157 726 1285 791 conmu-

62 829 195 894 cendam
224 828 278 911 qui
305 827 402 894 bodie
429 827 606 910 Diogenem
633 827 786 911 Hesychii
822 827 942 894 iontem
970 829 1117 911 iactam).
1170 831 1286 898 deinde

63 937 147 1000 8-9
159 953 269 1000 merus
280 935 426 1018 sequitur
435 935 657 1018 Myronianns:
671 937 815 1019 expende
826 935 921 1003 modo
933 937 1111 1002 orationem
1124 937 1286 1020 obliquam

61 1042 356 1124 sententiarumque
373 1060 540 1122 conexum3
558 1047 721 1108 auctorem
736 1043 917 1127 Myroniani
934 1043 1098 1109 Timaeum
1113 1043 1286 1129 (Athenll

63 1147 158 1233 4371‘)
193 1150 246 1216 rel
278 1168 338 1216 nos
376 1149 520 1215 indicare
547 1168 726 1232 possumus.
773 1151 925 1234 deinceps
952 1157 1174 1234 propagantur
1210 1170 1286 1235 apo·

62 1257 284 1339 pbthegmata,
306 1257 416 1322 nescio
439 1257 525 1323 unde
548 1257 724 1340 descriptu;
749 1259 845 1324 index
867 1258 1023 1324 librorum
1046 1261 1101 1342 qui
1125 1277 1196 1325 cnm
1218 1260 1287 1324 vita

62 1363 228 1444 cohaeret,
263 1381 301 1430 ac
333 1381 446 1431 rursus
480 1363 688 1448 Myronianus
716 1366 804 1449 (14),
840 1383 923 1449 quae
956 1365 1079 1447 fabula,
1115 1366 1211 1449 vulgo
1246 1367 1286 1432 de

62 1471 209 1554 Lycurgo
236 1476 384 1552 narrata,
414 1470 499 1537 male
528 1472 570 1538 ad
597 1473 796 1539 Demetrium
819 1471 1010 1539 Phalerenm
1037 1472 1198 1538 translata
1225 1478 1284 1539 est.

63 1597 158 1659 porro
191 1597 279 1645 mors
312 1578 449 1644 ridicula
486 1584 520 1644 et
547 1597 565 1643 e
592 1585 770 1661 pammetro
799 1581 1010 1663 epigramma3
1045 1579 1107 1646 boo
1135 1581 1199 1644 iam
1222 1598 1286 1645 non

63 1685 247 1752 dubitamus
277 1686 508 1769 Hermippeum
536 1704 660 1753 vocare.
715 1687 852 1769 denique
882 1685 1079 1770 homonymi,
1115 1705 1195 1770 quos
1227 1705 1286 1752 nos

63 1811 123 1858 non
155 1793 354 1876 seiungimus
383 1793 510 1860 avitis.
557 1793 768 1876 luculentum,
796 1793 926 1876 opinor,
954 1794 1017 1861 boc
1039 1794 1287 1860 contaminantis

64 1899 218 1982 Diogenis
234 1900 405 1982 specimen,
429 1919 533 1984 neque
553 1906 610 1966 aut
632 1901 718 1966 vitae
735 1900 920 1968 inferendus
935 1901 1144 1984 Myronienus
1163 1903 1287 1985 (auoto-

63 2023 113 2072 res
136 2006 267 2072 omnino
290 2026 355 2072 non
376 2007 596 2087 nominantur)
621 2013 678 2074 aut
693 2008 861 2089 Favorino,
886 2009 940 2091 qui
962 2027 1022 2091 per
1044 2013 1186 2074 veterem
1207 2009 1287 2074 Aca·

64 2113 159 2179 uiam
189 2131 347 2196 nusquam
375 2119 435 2180 est.
482 2133 609 2197 possem
638 2116 702 2180 iam
730 2115 815 2180 idem
843 2115 883 2180 dc
911 2115 1132 2181 PAMPHILA
1159 2115 1285 2196 docere,

64 2220 118 2286 sed
146 2238 247 2302 parco
275 2221 397 2302 verbis,
429 2239 504 2286 nam
532 2239 643 2286 verum
666 2222 731 2286 iarn
754 2221 836 2288 dixit
859 2221 1069 2288 Babnschius.
1117 2223 1286 2288 dicendum

64 2329 204 2402 senode
227 2327 315 2394 hisce
337 2329 501 2394 miscellae
524 2328 679 2394 historiae
703 2329 915 2412 scriptoribus
938 2329 1022 2394 idem
1053 2329 1139 2411 quod
1162 2330 1203 2394 de
1226 2330 1286 2394 Fa-

64 2436 190 2516 uorino,
214 2454 279 2502 non
302 2455 373 2502 esse
397 2434 564 2518 probabile
587 2435 689 2502 multa
711 2455 751 2501 er
778 2437 824 2502 eis
851 2437 883 2501 in
908 2436 1084 2517 Diogenem
1114 2437 1284 2502 transiisse

63 2541 171 2606 tacitis
196 2560 307 2608 eorum
329 2541 520 2610 nominibus.
568 2543 653 2624 quod
677 2549 926 2610 consentaneum
949 2545 1000 2608 est
1023 2542 1056 2608 in
1074 2542 1287 2608 nobilioribus

64 2649 277 2730 scriptoribus
301 2649 480 2732 exquibus
508 2649 608 2716 semel
636 2650 783 2733 longiora
806 2655 958 2732 excerpta
980 2645 1148 2726 advorsus
1170 2669 1287 2732 propo-

63 2761 193 2836 nuntur,
229 2754 490 2822 ALEXANDRO
513 2755 712 2839 polyhistore
746 2755 837 2841 (VIII
872 2757 1016 2840 25-35)
1057 2761 1090 2821 et
1124 2755 1285 2824 ALCIMO

63 2861 217 2928 Siceliote
239 2863 430 2928 1119-17.
480 2881 555 2928 narn
583 2862 642 2928 hos
671 2863 712 2929 ab
740 2863 814 2930 aliis
842 2864 1020 2946 Diogenem
1048 2864 1211 2946 accepisse
1233 2865 1286 2930 vix

63 2974 172 3050 potest
201 2969 346 3051 cogitari.
400 2969 498 3036 etiam
521 2967 690 3036 CASSIVS
718 2969 883 3053 Scepticus
912 2969 987 3052 (Vll
1007 2970 1065 3049 32)
1094 2989 1113 3036 a
1141 2991 1204 3054 quo
1227 2972 1286 3036 Isi-

63 3077 161 3142 dorus
184 3076 403 3158 Pergamenus
426 3075 585 3160 (aequalis
608 3074 832 3156 Athenodoro,
855 3095 930 3142 nam
952 3077 1038 3142 inest
1061 3075 1120 3142 flos
1144 3077 1286 3142 eiusdem

63 3183 184 3250 Rutilio
212 3184 304 3267 Lupo
334 3186 355 3252 i.
381 3203 410 3252 a.
463 3183 603 3266 Gorgiae
627 3183 828 3268 Atheniensi)
856 3184 908 3250 vix
935 3184 1045 3250 divelli
1075 3189 1198 3266 potest,
1230 3191 1287 3251 aut

62 3290 166 3358 lectus
193 3297 246 3358 est
268 3292 309 3358 ab
332 3292 404 3374 ipso
432 3291 577 3372 Diogene
611 3296 668 3356 aut
695 3309 713 3356 e
736 3291 886 3372 scepticis
919 3289 1062 3356 fontibus
1089 3292 1122 3356 in
1150 3291 1286 3357 Zenonis

63 3400 162 3466 uitam
178 3401 344 3466 traiectus.
380 3397 683 3466 nominandaetiam
696 3397 1083 3479 APOPHTHEGMATA,
1096 3417 1287 3466 noneruna

65 3507 262 3574 coniectione
285 3525 306 3572 a
328 3507 472 3588 Diogene
496 3509 650 3588 congesta
673 3504 726 3588 (cl.
743 3505 901 3572 Babnscb.
927 3525 947 3570 a
969 3513 1084 3589 quotu
1107 3525 1138 3589 p.
1157 3508 1198 3572 87
1222 3527 1285 3574 non

64 3613 182 3680 rideris
198 3615 386 3695 dissentire)
410 3619 443 3680 et
457 3611 793 3680 DOXOGRAPHIOA
808 3613 841 3678 in
857 3615 984 3680 Zenone
1001 3615 1164 3697 Leucippo
1185 3615 1287 3682 Hera-

66 3719 149 3800 cliba,
174 3721 214 3787 de
238 3721 354 3803 quibus
377 3739 475 3803 supra
496 3739 548 3786 me
563 3719 644 3786 nibil
661 3720 742 3785 scire
760 3719 923 3802 professus
940 3739 1019 3786 sum.
1059 3725 1222 3803 postremo
1246 3723 1286 3789 ab

66 3827 133 3909 ipso
156 3829 303 3912 Diogene
332 3829 417 3895 lecta
439 3830 491 3895 oio
515 3827 686 3896 EPIDVRI
712 3831 866 3910 quattuor
888 3827 1050 3912 opuscula.
1098 3847 1171 3894 nam
1194 3849 1287 3913 prae·

66 3936 175 4002 sertim
192 3936 220 4001 si
236 3936 438 4017 reputaveris
453 3935 589 4019 (accipio
607 3935 692 4000 eninr
709 3935 784 4001 dum
801 3936 834 4000 in
849 3937 994 4018 proximo
1009 3953 1105 4001 versu
1126 3939 1286 4005 exarando

66 4061 175 4110 uersor
197 4043 335 4109 Useneri
358 4044 556 4125 prooemium
578 4043 757 4124 Bonnense,
785 4061 844 4108 nee
866 4061 994 4109 resumo
1018 4043 1175 4108 calamum
1198 4051 1287 4112 antc-

66 4169 159 4231 quam
195 4151 404 4231 gustaverim
446 4150 597 4232 gaudium
631 4168 670 4214 ex
701 4150 747 4214 cis
782 4167 864 4232 quse
899 4169 998 4232 supra
1032 4151 1070 4215 de
1116 4151 1286 4234 desperato

117 4252 232 4305 Philolog.
242 4249 440 4306 Ucturauehungan
452 4253 491 4295 lll.
1095 4258 1126 4309 ll
