3010 4866
1279 201 1320 266 53

93 383 298 448 coniecturas
327 377 539 462 confugerunt
572 379 746 462 pessimas,
781 377 869 444 velut
896 376 1123 462 Bernhardyus
1157 375 1325 455 πολιτείας

93 488 228 571 scripsit
257 505 316 570 pro
351 483 475 561 πόλεως
503 483 554 569 [ci.
585 484 672 552 Suid.
705 504 730 554 a.
755 505 783 552 v.
810 487 999 572 Φαβωρτνος
1031 485 1079 552 ed.
1109 484 1321 570 Bemhardy].

93 597 136 660 Ac
159 613 219 660 eur
241 592 357 678 βιβλίῳ
380 592 548 675 suppletur
570 592 612 658 ad
634 591 671 658 ἐν
692 599 737 681 τῷ
760 596 834 678 περὶ
848 591 1047 679 Κυρηναϊκῆς
1061 589 1202 669 πόλεως]
1240 593 1322 673 Quin

92 698 250 786 tdrp⁵³)?
288 699 418 766 Scilicet
440 698 600 781 particula
615 699 804 781 omnigenae
827 700 983 766 historiae
1007 699 1047 766 de
1063 699 1188 784 Gyrena
1211 705 1324 782 egerat

93 808 284 873 Favorinus.
325 804 470 872 Concedo
487 805 556 871 sine
573 805 637 871 alio
654 813 853 889 argumento,
871 805 1006 873 lexicine
1022 805 1076 872 ille
1093 813 1167 894 napi
1183 806 1325 894 Κυρήνης

92 914 194 980 fuerit
228 911 383 979 articulus
418 930 459 977 an
493 911 569 978 libri
604 911 716 978 ordine
745 913 907 995 destituti,
942 931 1005 978 non
1034 912 1150 980 dirimi.
1202 914 1322 980 Verum

92 1021 275 1104 adsumptis
298 1037 381 1102 quae
403 1019 497 1086 modo
521 1019 587 1084 diri
611 1019 651 1084 de
674 1019 795 1102 Argilo,
819 1025 927 1086 utrum
950 1020 1057 1086 verius
1080 1021 1133 1102 sit,
1158 1021 1271 1088 elucet.

184 1127 308 1193 4.1am
338 1126 508 1192 dummodo
542 1125 635 1192 binas
668 1126 797 1192 litteras
833 1125 976 1209 singulos
1010 1125 1111 1192 libros
1148 1145 1321 1210 occupasse

91 1234 298 1314 concedatur,
323 1256 341 1298 ο
364 1239 398 1298 et
421 1252 447 1297 π
469 1237 592 1314 octavo,
617 1257 639 1296 α
663 1233 766 1315 primo
790 1233 872 1299 libro
897 1239 990 1299 erant
1005 1234 1204 1318 adsignatae.
1241 1236 1320 1301 Rern

90 1343 200 1425 ipsam
214 1341 301 1407 ride:
321 1339 459 1406 Πλάτων
475 1339 536 1424 [ΙΠ
552 1338 659 1428 24]⁸⁴)
684 1347 717 1406 et
735 1339 937 1427 Πυθαγόρας
952 1339 1043 1425 [VIII
1062 1343 1111 1406 12.
1129 1342 1186 1426 47]
1207 1360 1322 1424 reapse

90 1450 129 1514 in
155 1452 309 1528 octavo,
329 1441 461 1531 Ἀττική,
485 1465 549 1530 qua
572 1447 631 1513 sub
654 1465 732 1514 voce
755 1447 795 1513 de
819 1447 983 1530 Tctrapoli
1008 1447 1117 1514 Attica
1140 1434 1320 1532 ex'positum

90 1558 166 1620 erat
189 1551 315 1638 [Steph.
341 1571 365 1619 s.
390 1553 434 1638 u]
457 1554 498 1618 in
521 1554 647 1636 primo
671 1553 834 1621 extabant.

182 1659 251 1725 Iam
263 1663 474 1742 posteaquam
488 1659 751 1744 homonymorum
766 1661 953 1726 memoriam
970 1665 1003 1726 et
1018 1679 1071 1727 res
1088 1659 1321 1743 geographicas

90 1765 257 1849 prioribus
273 1765 335 1832 XII
350 1767 538 1849 omnigenae
555 1767 710 1834 historiae
725 1764 866 1854 libris⁵⁵)
877 1803 923 1814 -
938 1767 1055 1834 ceteris
1071 1767 1133 1832 XII
1149 1767 1321 1849 ‘quaestio-

89 1891 151 1939 nes
174 1873 317 1954 graecas’
343 1879 501 1940 tractasse
524 1874 661 1955 videtur,
690 1875 718 1940 si
742 1874 838 1941 Gellii
862 1874 1021 1957 excerptis
1045 1874 1203 1940 credimus
1220 1909 1261 1920 -
1279 1873 1320 1938 ad

87 1981 221 2046 litteras
254 1985 459 2047 enumeratas
505 1997 576 2047 esse
610 1981 843 2064 quadamtenus
871 1980 1022 2064 probari,
1057 1983 1091 2047 iu
1121 1981 1320 2064 homonymis

88 2083 622 2176 disputationem·conplectar⁵⁶).

182 2194 321 2278 Largam
344 2194 459 2277 dapem
483 2200 517 2261 et
539 2197 648 2278 gustui
671 2195 791 2263 saeculi
815 2195 995 2279 adpositam
1018 2193 1169 2260 Favorini
1192 2194 1320 2260 articuli

88 2299 297 2367 exhibebant.
336 2301 386 2367 De
403 2302 526 2385 origine
549 2302 753 2368 institutione
776 2303 872 2368 rebus
896 2303 996 2385 gestis
1020 2302 1212 2384 scriptisque
1228 2287 1269 2367 'et
1291 2303 1319 2368 si

87 2425 174 2490 quae
198 2407 263 2472 alia
285 2407 334 2473 illi
357 2408 457 2474 aetati
481 2409 564 2474 scitu
586 2409 772 2475 viderentur
794 2409 893 2492 digna
915 2409 960 2474 ibi
984 2427 1022 2474 ex
1044 2408 1155 2475 multis
1170 2413 1204 2474 ct
1220 2409 1318 2475 variis

86 2518 123 2579 et
163 2514 297 2580 remotis
334 2514 524 2582 lectionibus
563 2519 635 2580 erat
673 2515 882 2582 elaboratum.
941 2514 1027 2581 Nota
1065 2515 1211 2598 exempla
1243 2519 1319 2581 sunt

162 2811 201 2884 ⁵³)
218 2812 353 2883 Exempla
377 2811 478 2883 passim
500 2819 627 2883 prostant
650 2813 723 2883 apud
745 2811 921 2884 Stephanum.
943 2844 977 2853 —
996 2813 1124 2870 (letarum
1148 2815 1222 2884 quod
1247 2831 1268 2871 s.
1292 2833 1317 2870 r.

75 2904 207 2975 Ἆργιλος
226 2899 249 2968 ‘i
268 2899 335 2973 πρὸς
354 2905 391 2975 τῷ
409 2902 546 2977 Στρυμόνι
565 2901 650 2964 πόλις’
673 2909 757 2972 extat,
779 2919 834 2958 non
852 2901 969 2958 alienum
987 2918 1004 2958 a
1020 2903 1171 2959 lexicornm
1189 2920 1273 2960 more.

162 2988 199 3059 ⁵⁴)
219 2989 261 3044 111
279 2993 315 3046 47
335 2989 368 3046 de
382 2989 484 3048 Politia
494 2991 619 3048 Platonis
637 3007 672 3048 ex
690 2991 811 3048 secundo
830 3007 854 3048 o.
867 2991 895 3046 h.
913 2991 984 3048 libro
997 2991 1124 3048 retertur.
1153 2991 1317 3064 corruptum

83 3091 109 3137 Β
129 3095 166 3135 ex
184 3088 211 3135 fl
227 3079 280 3135 iam
300 3077 329 3135 0.
348 3079 483 3138 Muellero
510 3081 555 3152 [F.
574 3081 608 3136 Η.
628 3081 661 3137 (i.
679 3079 721 3134 111
738 3097 765 3151 p.
778 3083 844 3153 580]
866 3081 1020 3138 videbatur.
1052 3081 1133 3137 certe
1152 3081 1204 3138 nisi
1223 3083 1318 3153 ignota

84 3169 208 3242 quadam
230 3169 373 3225 occasione
396 3168 464 3224 illud
489 3175 667 3226 memoratum
690 3185 749 3226 esse
773 3171 898 3241 sumitur,
923 3187 985 3226 cum
1003 3170 1079 3227 nulla
1096 3171 1205 3227 omnino
1223 3171 1316 3242 dispo·

84 3259 189 3316 sitione
209 3263 346 3328 quotquot
364 3257 530 3328 periclitaris
549 3258 748 3315 conciliabitur.

165 3345 204 3419 ⁵⁵)
221 3347 301 3416 Quod
323 3347 428 3403 Gellius
452 3348 480 3403 iu
504 3347 675 3418 praelatione
698 3365 722 3404 o.
740 3348 768 3403 h.
796 3347 869 3405 inter
887 3349 979 3406 variae
999 3355 1027 3405 et
1049 3349 1186 3406 miscellae
1213 3348 1316 3405 doctri-

84 3453 138 3493 nae
152 3436 343 3507 promptuaria
359 3437 507 3508 recensuit,
525 3453 580 3492 non
598 3437 632 3493 de
645 3437 739 3494 ordine
758 3438 823 3494 libri
842 3437 1029 3510 accipiendum
1041 3445 1092 3494 ast.
1120 3436 1225 3494 Ibidem
1243 3438 1316 3494 enim

84 3525 188 3598 isuper
205 3524 342 3595 Pamphili
360 3523 494 3581 inluditur
512 3525 546 3582 ad
564 3527 749 3583 litteraturam
768 3527 928 3598 dispositus.
942 3561 976 3568 -
991 3527 1119 3584 Getarum
1138 3525 1316 3597 ‘omnigenam

84 3613 180 3686 hylea’
200 3613 362 3684 octingentis
380 3615 460 3670 libris
473 3613 518 3688 [ci.
532 3615 644 3672 Sueton.
657 3617 691 3672 de
704 3633 814 3687 gramm.
830 3617 875 3687 10]
895 3618 1017 3674 Ateius
1035 3617 1235 3688 Philologus
1251 3631 1315 3673 con·

86 3704 170 3772 iecit,
189 3703 268 3759 libris
287 3703 386 3773 viginti
405 3707 536 3774 quattuor
553 3705 751 3762 Alexander
770 3706 981 3777 cotyaensis
1006 3707 1114 3780 [Steph.
1133 3723 1154 3762 s.
1174 3724 1199 3762 r.
1217 3707 1315 3762 Korod-

86 3815 147 3850 mv
169 3793 204 3848 ci.
222 3793 311 3848 Lchrs
334 3797 440 3862 quaest.
462 3794 531 3864 spic.
549 3811 576 3866 p.
594 3798 620 3853 8.
656 3794 785 3852 Meineke
803 3795 873 3852 anal.
892 3796 970 3854 Alex.
988 3813 1014 3867 p.
1036 3797 1079 3869 16]
1099 3795 1229 3853 Favorini
1247 3803 1314 3868 puto

85 3881 242 3951 exemplum
261 3881 391 3938 imitatus.

161 3964 198 4035 ⁵⁶]
216 3965 418 4036 Aequalitatem
436 3967 567 4024 librorum
584 3969 699 4028 nimium
715 3970 744 4026 in
756 3971 865 4027 modum
883 3969 986 4028 laesam
999 3971 1087 4027 rideri
1106 3970 1174 4026 mihi
1193 3971 1312 4028 obicias:

83 4053 233 4111 nonnullas
251 4056 322 4111 enim
340 4055 449 4113 litteras
466 4063 498 4114 ut
516 4067 545 4113 x
562 4063 591 4114 et
610 4070 634 4115 r
647 4060 687 4116 ita
705 4061 773 4116 hant
790 4061 906 4116 multum
921 4059 1002 4131 spatii
1015 4061 1200 4131 completurus
1218 4059 1312 4132 fuisse,

84 4147 187 4214 iugens
205 4158 271 4202 raro
289 4154 314 4201 A
333 4153 361 4203 et
378 4156 407 4203 11
423 4147 498 4204 alias.
530 4147 619 4206 Credo
632 4149 759 4220 equidem
771 4165 826 4207 non
844 4149 912 4207 satis
930 4149 1021 4206 valere
1039 4149 1110 4208 hanc
1129 4149 1313 4208 offensionem.
