3044 4860
559 194 580 237 ι.
605 189 803 234 mammos,
1252 173 1293 235 97

59 350 201 413 γίνεσθαι
221 337 270 411 τὴν
286 339 394 416 ἑορτήν·
413 343 478 398 ελδ
499 341 540 412 ού,
559 345 825 414 περιττῶςκσῖνύν.
870 345 939 406 (130)
966 342 1038 416 πρὸς
1056 345 1182 399 δὲταῦτα
1204 343 1293 400 ἀπαν-

59 425 201 498 τάττοντος
218 433 268 483 τοῦ
286 425 418 500 τυράννου
435 434 481 484 καλ
497 431 628 490 εἰπόντος
649 430 686 490 ολς
709 425 808 495 ταύτην
824 429 873 496 τὴν
897 427 1001 504 ἡμέραν
1022 429 1083 499 ἔχοι
1107 425 1295 500 σχολάζουσαν

62 515 141 589 πρὸς
159 513 192 568 τὸ
215 513 352 570 διακούειν
377 509 551 586 φιλοσόφων,
573 513 612 570 λιι
630 519 676 568 καλ
696 519 801 586 μιλλλον
822 511 1020 588 αὐστηρότερον
1036 516 1165 585 ἐνέκειτο,
1189 515 1297 576 δεικνύς

59 601 112 654 ἐπὶ
131 601 182 666 τῆς
199 605 301 660 θυσίας
319 600 356 660 ὠς
367 599 423 673 χρὴ
435 595 526 654 πάντα
544 599 641 671 καιρὸν
659 596 822 672 φιλοσόφων
838 594 960 655 ἀκούειν·
978 599 1042 655 ὥστ’
1060 605 1086 658 ελ
1102 598 1195 672 μήτις
1212 598 1296 670 αύλη-
1376 595 1385 605 ’

61 685 116 752 τὴς
134 682 234 746 αὐτοὺς
249 686 433 760 διεπέμψατο,
454 683 506 740 κάν
528 682 684 744 ἀπάλοντο.
729 685 796 744 ὅθεν
810 689 1019 760 χειμαζομένων
1039 689 1069 742 έν
1087 691 1125 758 τῷ
1141 691 1229 760 πλοίφ
1248 686 1297 741 τὸν

58 761 270 840 Ἀσκληπιάδην
287 775 375 842 φασὶν
391 775 479 826 εἰπεῖν
495 770 530 832 τός
546 769 563 838 ἡ
582 773 634 843 μὲν
653 775 703 826 τού
726 771 842 841 αόλητοῦ
861 772 994 843 εὐμουσία
1011 775 1128 828 σέσωκεν
1146 769 1257 841 αύτούς,
1279 772 1295 840 ἡ

62 859 94 912 δὲ
114 860 164 911 τού
182 850 346 930 Μενεδήμου
363 864 501 933 παρρησία
521 857 727 928 ἀπολώλεκενλ

158 939 199 1030 ἦν
221 944 270 1021 δέ,
294 950 392 1028 φασί,
415 943 472 1009 καὶ
493 941 639 1029 ἐκκλίτης
662 945 717 1008 καλ
740 947 781 1009 τὰ
794 948 851 1030 τῆς
866 945 985 1030 σχολῆς
1001 941 1198 1032 ἀδιάφορος,
1223 945 1298 1012 οὔτε

63 1045 167 1120 τάξιν
188 1049 268 1125 γοῦν
289 1049 363 1112 τινὰ
385 1043 425 1133 ἦν
446 1051 526 1131 παρ’
542 1044 630 1132 αὐτῷ
645 1045 783 1129 βλέπειν
797 1047 872 1112 οὔτε
886 1048 1004 1132 βάθρα
1020 1047 1125 1134 κύκλῳ
1141 1050 1297 1127 διέκειτο,

64 1151 145 1215 ἀλλ’
161 1144 202 1214 ού
224 1149 265 1216 ἂν
287 1156 423 1226 ἕκαστος
445 1151 538 1232 ἔτυχε
560 1155 755 1232 περιπατῶν
776 1149 796 1236 ἢ
818 1150 1006 1237 καθήμενος
1028 1149 1138 1236 ἤκουε,
1161 1153 1218 1216 καλ
1239 1149 1299 1219 αό-

63 1257 131 1319 τοό
153 1256 272 1318 τοῦτον
293 1251 352 1318 τόν
372 1255 499 1338 τρόπον
520 1252 741 1335 διακειμένου.

158 1355 232 1422 (1³1)
242 1358 254 1422 ΙΙ
266 1352 416 1425 ἀγωνιάτης
432 1359 539 1425 μέντοι,
557 1360 651 1424 φασίν,
669 1351 705 1423 ἦν
721 1353 808 1414 ἀλλοις
824 1357 870 1408 καλ
887 1345 1047 1426 φιλόδοξος·
1066 1353 1135 1409 ὥστε
1152 1354 1184 1408 τό
1202 1355 1299 1430 πρότε-

64 1459 120 1513 ρον
138 1444 245 1498 τέκτονι
264 1442 523 1512 συνοικοδομοῦντες
540 1439 622 1501 αότός
639 1459 666 1495 τε
683 1439 760 1495 καλό
777 1436 985 1508 Ἀσκληπιάδης,
1006 1439 1022 1494 ό
1040 1442 1092 1512 μὲν
1104 1437 1301 1511 Ἀσκληπιάδης

63 1530 206 1598 ἐφαίνετο
225 1527 330 1598 γυμνὸς
345 1528 393 1582 ἐπὶ
410 1529 459 1582 τοῦ
475 1529 567 1598 τέγους
584 1525 631 1582 τὸν
647 1526 734 1594 πηλόν
751 1531 936 1598 παραφέρων,
957 1525 972 1579 ό
992 1527 1021 1580 δὲ
1038 1531 1066 1581 εί
1080 1529 1130 1582 τιν’
1149 1529 1203 1582 λδοι
1220 1523 1300 1598 έρχό-

62 1631 165 1684 μενον,
183 1611 390 1684 παρεκρύπτετο
404 1615 413 1683 fl
428 1655 433 1666 .
446 1615 506 1668 ἐπεὶ
523 1613 547 1668 δ
566 1612 656 1683 ἥψατο
674 1617 720 1680 τῆς
737 1617 880 1678 πολιτείας,
903 1609 987 1672 οὕτως
1008 1607 1044 1666 ἀν
1063 1609 1212 1683 ἀγωνιάτης
1232 1611 1301 1669 ὥστε

64 1703 118 1753 καλ
135 1697 190 1754 τόν
205 1699 353 1767 λιβανωτὸν
370 1703 457 1759 τιθελς
473 1698 601 1774 διήμαρτε
624 1702 673 1753 τού
690 1703 881 1772 θυμιατηρίου.
924 1703 973 1752 καί
989 1715 1053 1752 ποτε
1070 1698 1210 1768 Κράτητος
1225 1718 1301 1774 περι-

65 1787 227 1855 ισταμένου
243 1781 326 1840 αὐτὸν
342 1789 389 1840 καλ
411 1789 626 1855 καθαπτομένου
647 1789 684 1844 ελς
706 1784 737 1838 τό
758 1780 800 1838 ὅτι
818 1777 1005 1852 πολιτεύεται,
1031 1786 1156 1839 ἐκέλευσέ
1172 1799 1244 1840 τισιν
1264 1789 1301 1845 εῖς

65 1872 101 1926 τό
122 1869 314 1943 δεσμωτήριον
331 1867 415 1926 αύτόν
431 1873 569 1940 ἐμβαλεῖν·
586 1869 635 1924 τόν
651 1869 681 1924 δὲ
696 1869 784 1939 μηδὲν
800 1857 880 1936 ἧτταν
896 1875 985 1938 τηρεῖν
1001 1867 1139 1943 παριόντα
1155 1874 1201 1923 καῖ
1217 1867 1300 1945 ὑπερ-

65 1957 216 2013 κύπτοντα
240 1952 471 2028 Ἀγαμεμνόνειόν
497 1973 526 2010 τε
549 1960 594 2010 καλ
618 1953 802 2026 Ἡγησίπολιν
826 1953 983 2010 ἀποκαλεῖν.
1027 1957 1099 2020 (1³2)
1119 1953 1175 2024 βῆν
1191 1956 1224 2010 δέ
1242 1975 1301 2017 πως

66 2043 164 2118 ἠρέμα
182 2045 229 2095 καλ
245 2043 535 2114 δεισιδαιμονέστερος.
580 2039 632 2094 σύν
652 2044 719 2111 γοῦν
733 2036 916 2116 Ἀσκληπιάδη
938 2043 996 2094 κατ’
1016 2037 1135 2111 άγνοιαν
1150 2043 1180 2096 έν
1198 2045 1301 2097 πανδο-

65 2135 138 2200 κείῳ
155 2130 225 2181 ποτλ
243 2127 365 2199 κρεάτων
381 2129 572 2202 ῥιπτουμένων
590 2125 700 2198 φυγάν,
718 2125 815 2194 ἐπειδὴ
832 2125 938 2197 μάθοι,
963 2126 1075 2180 ἐναυτία
1092 2145 1119 2181 τε
1136 2130 1182 2181 καλ
1199 2125 1301 2198 ιόχρίιι·

66 2219 123 2276 ἕως
139 2209 339 2282 Ἀσκληπιάδης
358 2213 519 2285 έπετίμησεν
536 2209 608 2282 αύτῷ
626 2209 663 2270 ύς
680 2211 758 2265 οὐδὲν
776 2209 883 2278 [εἰπόν]
900 2206 1055 2280 ἠνύχλησεν
1074 2211 1158 2267 αὐτὸν
1175 2211 1208 2265 τά
1225 2215 1302 2283 κρέα,

66 2302 131 2358 ἀλλ’
153 2298 171 2366 ἡ
190 2303 255 2371 περὶ
271 2289 375 2354 τούτων
391 2297 519 2352 ὑπόνοια.
545 2297 579 2351 τά
593 2297 621 2350 δ’
638 2295 705 2351 άλλα
722 2292 916 2366 μεγαλόψυχος
928 2295 998 2368 ἀνὴρ
1010 2293 1045 2364 ἦν
1061 2301 1108 2352 καλ
1125 2299 1301 2370 δλευθίριος.ΙΙ

169 2383 263 2450 Κατά
283 2410 319 2450 τε
340 2385 398 2470 τὴν
420 2386 488 2459 ἕξιν
515 2385 574 2470 την
602 2384 791 2468 σωματικὴν
817 2381 878 2468 ἤδη
901 2383 958 2448 καὶ
986 2383 1171 2470 πρεσβύτης
1192 2383 1302 2471 ἀπάρ-

66 2513 143 2572 χιον
166 2485 265 2553 οόδὲν
286 2481 384 2573 ἧττον
405 2485 556 2571 ἀθλητοῦ
578 2486 707 2571 στερεός
728 2507 763 2550 τε
786 2486 841 2549 καλ
864 2481 1118 2569 ἐπικεκαυμένος
1139 2489 1176 2553 τό
1201 2489 1300 2565 είδος,
1401 2517 1409 2536 .

67 2599 169 2657 πίων
190 2614 227 2654 τε
248 2591 304 2654 καὶ
325 2594 550 2674 τετριμμένος·
572 2589 610 2654 τό
633 2589 671 2653 δὲ
692 2591 834 2674 μέγεθος
856 2585 1051 2672 σύμμετρος,
1079 2587 1122 2665 ιδς
1144 2589 1245 2676 δῆλον
1266 2590 1302 2654 ἐκ

66 2697 133 2762 τοῦ
159 2687 302 2758 εἰκονίου
332 2693 390 2757 τού
416 2691 452 2756 ἒν
470 2686 617 2776 Ἐρετρίᾳ
639 2691 672 2756 έν
692 2692 738 2776 τῷ
761 2687 886 2774 ἀρχαίῳ
910 2690 1045 2776 σταδίῳ.
1081 2683 1151 2756 ἔστι
1174 2692 1236 2776 γάρ
1260 2689 1303 2768 ιός

67 2795 237 2882 ἐπίτηδες
269 2791 503 2879 παράγυμνον,
536 2793 578 2858 τά
610 2793 753 2858 πλεῖστα
785 2798 864 2877 μέρη
899 2803 1022 2877 φαῖνον
1049 2795 1106 2857 τοῦ
1139 2787 1301 2878 σιόματος.

66 2901 166 2984 (133)
194 2893 235 2981 ἦν
261 2895 299 2960 δὲ
327 2897 383 2958 καὶ
410 2893 638 2980 φιλυπόδοχος
664 2896 720 2959 καὶ
743 2891 802 2960 διά
828 2894 866 2959 τό
892 2893 1036 2970 νοσῶδες
1062 2895 1118 2980 τῆς
1135 2892 1301 2982 Ἐρετρίας

69 3004 188 3068 πλείω
217 2995 369 3078 συνάγων
395 2996 582 3082 συμπόσια·
617 2998 652 3064 δν
685 2995 734 3073 οἷς
767 3001 823 3061 καλ
852 2999 1006 3082 ποιητῶν
1037 2997 1093 3062 καλ
1125 3001 1302 3080 μουσικόν.

69 3099 249 3192 ἠσπάζετο
282 3101 320 3165 δὲ
352 3101 408 3164 καὶ
435 3098 578 3186 Ἄρατον
610 3101 666 3165 καλ
702 3097 906 3186 Λυκόφρονα
941 3099 1000 3164 τόν
1031 3101 1087 3183 τῆς
1118 3101 1303 3185 τραγῳδίας

71 3205 226 3290 ποιητὴν
248 3205 304 3267 καλ
326 3205 383 3268 τόν
401 3202 530 3292 Ῥόδιον
546 3201 760 3290 Ἀνταγόραν·
787 3199 933 3287 μάλιστα
959 3199 997 3267 δι’
1022 3202 1157 3268 πάντων
1175 3199 1303 3290 Ὁμήρῳ

70 3319 272 3396 προςεῖχεν·
301 3309 373 3370 ελτα
395 3307 451 3370 καλ
472 3317 543 3382 τοῖς
565 3307 728 3390 μελικοῖς·
751 3305 869 3372 ἔπειτα
890 3305 1073 3390 Σοφοκλεῖ,
1102 3305 1158 3368 καλ
1184 3305 1225 3391 δη
1247 3307 1303 3370 καὶ

66 3411 212 3496 Ἀχαιῷ,
235 3403 325 3496 ᾧπερ
349 3410 404 3472 καλ
426 3409 463 3473 τό
486 3409 671 3490 δευτερεῖον
692 3409 727 3475 δν
748 3420 819 3484 τοῖς
840 3409 1005 3494 σατύροις,
1034 3406 1192 3494 Λλσχόλῳ
1208 3408 1246 3474 δὲ
1265 3410 1303 3474 τό

72 3525 249 3602 πρωτεῖον
264 3510 438 3578 ἀπεδίδου.
471 3509 556 3578 ὅθεν
567 3508 622 3576 καὶ
635 3512 720 3596 πρός
734 3513 809 3586 τούς
824 3508 1173 3594 ἀντιπολιτευομένους
1187 3513 1303 3590 ταῦτα,

73 3621 181 3704 φασί,
205 3619 423 3702 προεφέρετο·
446 3617 530 3698 (sgm.
546 3615 586 3679 32
601 3616 651 3696 N.)
687 3611 852 3700 “η’λίσκετ’
875 3610 940 3699 άρα
962 3613 1019 3678 καὶ
1041 3613 1126 3698 πρός
1152 3611 1306 3682 ἀσθενῶν

71 3717 198 3804 ταχύς,
238 3718 294 3781 καλ
326 3718 411 3801 πρός
442 3716 584 3802 χελιόνης
616 3713 710 3792 ἀετός
742 3721 859 3800 βραχεῖ
892 3714 1026 3802 χρόνῳ.”
1073 3717 1170 3810 Ι(134)
1201 3719 1306 3782 ταῦτα

73 3823 106 3888 δ’
148 3819 245 3886 ἐστὶν
278 3815 415 3899 Ἀχαιοῦ
452 3813 489 3884 ἀει
524 3819 581 3902 τῆς
618 3819 792 3903 σατυρικῆς
825 3816 1007 3934 Ὀμφάλης·
1042 3813 1124 3883 ὥστε
1162 3821 1305 3883 πταίσει*

74 3977 298 3992 ω

173 4084 190 4156 5
206 4084 257 4140 133
277 4079 354 4137 Suid.
366 4100 387 4134 s.
400 4101 425 4134 ν.
439 4080 553 4152 Ἀρατος.
589 4077 767 4147 ἀκουστὴς-
785 4079 951 4151 Μενεδήμου.

131 4188 251 4244 Ρλιῖλολος.
259 4184 459 4239 Παῖετιιιιλτουηεα
473 4183 510 4225 IV.
1095 4167 1111 4221 7
