3010 4866
78 1149 144 1250 De
163 1149 454 1282 biographis
474 1149 675 1252 Graecis
695 1149 1010 1279 quaestiones
1029 1149 1257 1252 selectae.

610 1408 716 1420 -ιύν-

138 1588 349 1695 Quamquam
388 1604 571 1669 litterarum
604 1621 791 1700 graecarum
832 1599 1018 1678 memoriam
1057 1605 1230 1687 explicanti
1258 1625 1278 1672 a

65 1707 175 1776 Laertii
187 1711 343 1793 Diogenis
359 1711 496 1776 historia
512 1711 704 1793 philosopha
719 1693 908 1794 plerumque
925 1711 1100 1792 exordium,
1118 1713 1146 1777 si
1162 1713 1276 1792 minue,

65 1816 272 1884 adiumentum
292 1819 510 1900 quaerendum
527 1825 586 1898 est,
611 1819 711 1884 nihilo
736 1819 840 1884 secius
863 1837 923 1884 nec
938 1818 993 1882 diu
1009 1823 1060 1884 cst
1076 1837 1146 1884 cum
1170 1821 1278 1886 studia

66 1920 107 1986 ita
132 1931 166 1990 ut
194 1925 289 1990 decet
317 1925 425 2007 coepit
452 1943 608 2006 occupare
645 1931 678 1990 et
706 1944 885 2007 perpaucos
913 1925 1028 1990 habuit
1059 1927 1114 2007 qui
1149 1945 1278 1992 accura-

67 2029 139 2096 tiore
161 2033 343 2098 eruditione
368 2032 518 2098 instructi
542 2032 582 2097 de
606 2032 800 2114 compilandi
824 2033 951 2098 ratione
975 2032 1069 2098 etde
1092 2035 1278 2100 auctoribus

67 2136 268 2220 disputarent.
316 2139 514 2205 Adsumendi
538 2145 614 2204 suut
643 2139 666 2204 ii
689 2140 744 2221 qui
766 2157 831 2204 non
855 2145 957 2205 totam
981 2140 1202 2221 quaestionem
1222 2142 1279 2207 sed

66 2244 193 2328 aliquam
218 2249 289 2313 eius
311 2251 438 2328 partem
463 2251 693 2312 tractaverunt.
740 2246 917 2312 lamando
944 2247 1028 2312 1788
1052 2247 1081 2313 J.
1107 2247 1278 2314 Rossius

67 2354 183 2433 quidam
206 2356 329 2420 Rornae
360 2353 478 2419 librum
507 2353 723 2435 promulgavit
747 2353 1051 2420 ‘Commentationes
1075 2355 1276 2422 Laertiadae'

67 2459 252 2545 inscriptum.
294 2461 575 2544 Exspectationem
591 2466 698 2526 tamen
715 2461 825 2528 elusit:
851 2461 891 2526 de
910 2463 1018 2543 operis
1034 2463 1199 2528 Laertiani
1215 2464 1279 2528 ori·

66 2567 129 2646 gine
156 2571 231 2636 iude
266 2589 307 2635 ne
341 2568 504 2634 tantillum
535 2567 664 2650 quidem
694 2568 801 2634 didici.
828 2604 870 2614 -
899 2567 987 2634 Idem
1016 2569 1056 2633 de
1085 2569 1278 2651 Klippelii

67 2672 160 2742 iudico
183 2681 424 2759 programmate
449 2675 499 2740 ‘de
523 2675 561 2740 D.
579 2675 615 2740 L.
640 2675 707 2740 vita
730 2675 861 2757 scriptis
878 2681 975 2757 atque
999 2675 1031 2740 iu
1047 2675 1184 2740 historia
1208 2675 1278 2757 phi-

65 2778 187 2865 losopha
202 2783 373 2848 scribenda
388 2781 591 2848 auctoritate’
617 2781 715 2864 [anno
734 2783 816 2846 1831
842 2781 930 2848 edito
947 2781 1136 2848 Nordlrusae
1161 2801 1180 2846 a
1202 2801 1278 2864 pae·

65 2885 190 2972 dagagio
213 2889 432 2973 lhlieldeusi]:
458 2889 582 2954 indoles
612 2889 730 2954 aetatis
757 2889 844 2954 illius
867 2894 901 2953 et
928 2889 1098 2970 disciplina
1121 2907 1141 2953 a
1164 2889 1277 2954 talium

67 2997 231 3063 studiorum
263 2996 493 3063 consuetudine
523 2995 728 3061 abhorrebat.
754 3031 795 3042 —
828 2993 907 3059 Cum
935 2995 1073 3077 tempori
1101 2995 1277 3060 cedendum

67 3110 149 3183 esset,
173 3105 289 3170 Batavi
313 3104 392 3183 duo,
423 3101 733 3168 Scheuerleerus
756 3106 790 3167 ct
813 3101 1047 3182 Marrasius,
1079 3119 1117 3166 ex
1141 3101 1277 3167 fontium

67 3204 175 3276 laertii
197 3229 332 3276 numero
356 3209 500 3291 singulos
529 3208 719 3290 delegerunt
748 3228 884 3292 quorum
907 3207 1088 3291 fragmenta
1109 3227 1277 3292 compone·

67 3323 127 3381 rent
154 3323 188 3384 et
218 3321 521 3385 commemorentur.
574 3315 618 3380 Et
641 3315 951 3382 Scheuerleerus
979 3317 1108 3398 quidem
1140 3316 1190 3380 ‘de
1214 3317 1277 3380 De·

67 3425 166 3490 uetrio
191 3423 353 3506 Magnete'
387 3423 648 3488 dissertationem
680 3422 842 3506 [Lugduni
872 3425 1066 3489 Batavorum
1094 3423 1193 3506 1858]
1218 3422 1277 3488 Go-

67 3522 129 3594 betc
152 3537 284 3598 auctore
308 3531 489 3596 institutam
513 3535 605 3595 tanta
629 3530 759 3612 scripsit
774 3531 990 3613 neglegentia,
1015 3535 1052 3595 ut
1068 3549 1190 3596 summo
1206 3530 1276 3594 iure

67 3639 223 3710 praeteriri
247 3637 378 3702 silentio
402 3641 522 3719 posset,
547 3637 610 3702 nisi
631 3637 695 3702 ista
710 3637 750 3702 de
767 3637 898 3704 Laertio
915 3637 1058 3719 opinatio
1082 3655 1164 3720 quae
1181 3636 1275 3702 hodie

68 3737 235 3810 dominatur
262 3743 324 3810 hac
352 3745 445 3826 quasi
467 3744 576 3810 radice
605 3743 768 3808 crevisset.
817 3743 959 3810 Credunt
990 3744 1073 3808 euim
1104 3745 1190 3826 quod
1213 3744 1275 3809 iste

68 3843 202 3916 demunt
224 3851 426 3916 Demetrium
450 3850 633 3934 Magnetem
657 3850 821 3932 catalogos
844 3849 1107 3932 homonymorum
1130 3848 1276 3914 Laertia-

67 3967 116 4019 uos
141 3963 297 4042 quotquot
327 3957 532 4024 inveniuntur
559 3955 733 4023 coniecisse
763 3957 849 4022 docti
877 3956 1077 4038 indoctique:
1108 3973 1276 4038 argumen-

68 4063 136 4128 tatio
158 4085 251 4148 quam
275 4065 320 4130 sit
335 4083 418 4130 vana
432 4065 568 4130 mirarer
584 4064 669 4146 quod
685 4064 855 4130 nemodum
870 4062 1046 4144 perspexit,
1071 4062 1104 4126 ui
1121 4061 1275 4130 Scheuer-

67 4163 134 4234 leeri
159 4171 464 4255 disputatiunculam
493 4172 534 4238 ab
564 4190 673 4238 eorum
702 4172 756 4254 qui
785 4171 929 4237 scribunt
958 4169 997 4234 de
1027 4169 1148 4234 Laertii
1178 4189 1275 4251 opere

1083 4272 1115 4326 μ
