3016 4858
232 190 294 254 100

256 364 382 420 Laertius
402 361 476 426 VIII,
498 365 520 418 l.
613 361 736 418 Clemens
756 361 855 418 Strom.

573 485 661 558 σίους
720 481 892 549 ἀνθαπτο-

573 593 692 673 μένους
720 596 774 678 τῆς
803 588 893 675 φιλο-

573 701 692 781 σοφίας
730 693 817 762 ἀλλά
858 693 893 760 τὸ

574 807 635 886 μὲν
679 801 812 890 φάσθαι
854 801 891 867 τὸ

574 908 609 974 δὲ
677 914 892 998 κεκρυμμένον

574 1019 660 1082 εἶναι
698 1015 780 1100 πρὸς
818 1016 892 1093 τούς

574 1123 714 1200 πολλοὺς
736 1121 889 1214 ᾐνίσσετο.

920 1214 971 1278 45.
989 1214 1025 1278 Ρ.
1050 1209 1307 1298 μετεμψυχάσεις

389 1372 396 1387 ·
1012 1319 1252 1386 accuratissime
1275 1315 1438 1399 expositae.

285 1427 546 1514 [Heraclides

318 1534 546 1620 Ponticus]

229 1659 344 1727 Omnia
366 1660 446 1726 haec
469 1679 508 1724 ex
531 1658 642 1724 eodem
664 1657 842 1740 biographo
867 1663 1017 1740 excerpta
1040 1663 1123 1724 suut.
1173 1657 1234 1736 Qui
1262 1655 1364 1722 tribus
1385 1652 1440 1718 illis

229 1763 358 1828 Laertio
375 1761 553 1844 Porphyrio
571 1760 727 1826 Clementi
750 1765 881 1843 praesto
905 1759 1002 1824 fuerit
1025 1779 1122 1824 unum
1138 1763 1207 1824 toto
1224 1755 1441 1841 disputationis

229 1865 364 1932 decursu
395 1865 539 1930 adsecuti
571 1883 680 1929 sumus
708 1863 908 1930 Favorinum.
962 1863 1136 1928 Probatum
1164 1862 1265 1944 igitur
1293 1867 1343 1926 est
1368 1859 1441 1923 huuc

231 1988 269 2034 ex
298 1969 426 2051 placitis
457 1966 599 2032 delibata
627 1966 701 2032 vitis
725 1967 942 2034 admiscuisse.
967 2003 1010 2013 -
1033 1966 1101 2030 Iam
1129 1983 1233 2048 pauca
1260 1983 1300 2030 ex
1323 1959 1440 2028 Laertio

233 2075 267 2135 et
289 2069 467 2153 Porphyrio
491 2070 568 2135 licet
591 2069 755 2151 supplere:

435 2174 603 2229 Laertius.
840 2179 844 2266 Ι
1045 2171 1269 2241 Porphyrius.

232 2287 314 2370 §19
355 2281 511 2350 οὐδέποτε
551 2283 701 2371 ἐγνώσθη
741 2285 815 2351 οὔτε
840 2272 844 2362 Ι
869 2285 942 2369 §35
960 2304 1006 2367 sq.
1025 2284 1172 2368 οὔτεγὰρ
1188 2247 1441 2369 ἀφἠδ-ωνλςδσ

108 2397 113 2408 ”
232 2390 400 2478 διαχωρῶν
450 2392 523 2457 οὔτε
574 2390 816 2478 ἀφροδισιάζων
868 2400 953 2474 χεΐτο
975 2390 1088 2455 πλεῖον
1104 2385 1181 2454 οὐδ’
1198 2388 1253 2454 ὑπ’
1269 2386 1364 2462 ἀνίας
1379 2401 1441 2448 συν·

234 2499 307 2566 οὔτε
344 2501 534 2584 μεθυσθείς·
575 2495 724 2582 ἀπείχετο
763 2498 816 2562 καί
870 2498 1031 2562 εστέλλετο
1055 2494 1119 2560 οὔτ’
1146 2496 1299 2582 ἐπίδηλος
1312 2490 1352 2581 ἦν
1366 2487 1441 2574 χαρᾷ

235 2607 370 2687 γέλωτος
408 2605 463 2669 καί
500 2605 604 2688 πάσης
641 2603 815 2692 ἀρεσκείας,
870 2601 890 2691 ἢ
918 2601 1003 2692 λύπη
1030 2601 1176 2686 κάτοχος,
1206 2604 1279 2668 ἀλλ’
1307 2597 1380 2668 οὐδὲ
1400 2619 1441 2678 γι·

234 2712 303 2781 οἷον
323 2711 526 2798 σκωμμάτων
541 2711 595 2778 καὶ
613 2709 817 2800 διηγημάτων
871 2709 1017 2776 λάσαντα
1045 2712 1065 2796 ἢ
1091 2709 1279 2778 κλαύσαντά
1307 2714 1352 2784 τίς
1380 2700 1442 2768 ποτ’

235 2821 392 2909 φορτικῶν
416 2871 466 2886 ...
871 2817 993 2885 λκείνον
1015 2815 1194 2884 ἐθεάσατο·

872 2924 967 2992 θύων
1001 2949 1034 2990 τε
1064 2928 1158 3000 θεοῖς
1189 2920 1382 3008 ἀνεπαχθὴς
1410 2906 1443 3001 ἦν

236 3037 371 3110 θυσίαις
392 3033 502 3122 ἐχρῆτο
525 3029 675 3123 ἀψύχοις,
873 3029 1023 3121 ἀλφίτοις
1056 3055 1089 3096 τε
1127 3033 1184 3096 καὶ
1222 3032 1362 3118 ποπάνῳ
1396 3024 1442 3090 καί

873 3139 1039 3226 λιβανωτῷ
1048 3141 1104 3204 καὶ
1118 3137 1253 3227 μυῤῥίνη
1268 3141 1341 3214 τοιὶς
1356 3127 1442 3202 oudo

237 3247 268 3314 αἱ
284 3249 320 3313 δέ
334 3261 446 3336 φασιν,
470 3245 517 3312 ὅτι
532 3246 700 3334 ἀλέκτορσι
714 3245 819 3329 μόνον
872 3243 1128 3330 ἐξιλασκόμενος,
1197 3240 1352 3334 ἕμψάχοις
1414 3235 1443 3300 θ’

236 3357 291 3420 καλ
313 3353 437 3440 ἐρίφοις
459 3354 662 3441 γαλαθηνοῖς
683 3365 748 3429 τοίς
770 3353 819 3418 λε-
873 3351 994 3438 ἢκιστα,
1017 3353 1103 3438 πλὴν
1125 3355 1156 3417 εί
1176 3351 1314 3439 μήποτε
1330 3349 1443 3414 ἀλικιο

236 3466 385 3545 γομιίνοις
422 3461 600 3544 ἁπαλίαις,
639 3458 750 3547 ἥκιστα
787 3460 817 3524 δ’
875 3463 938 3546 ρίσι
953 3459 1009 3524 καὶ
1026 3463 1091 3524 τῶν
1112 3465 1230 3546 χοίρων
1245 3469 1311 3534 τοῖς
1325 3452 1443 3522 ἁπαλω-

238 3569 394 3656 ἄρνασιν·
875 3566 995 3642 τάτοις·

238 3677 311 3759 §21
340 3675 641 3761 [Aristoxenus]
657 3675 754 3762 φησὶν
768 3673 822 3738 καλ
875 3675 949 3757 §41
980 3672 1035 3738 καὶ
1064 3673 1138 3738 ἀλλ’
1166 3673 1246 3736 ἄττα
1279 3669 1443 3736 ἐπαίδευον,

237 3779 276 3846 τά
301 3781 446 3866 δόγματα
470 3785 584 3866 λαβεῖν
607 3778 707 3850 αὐτὸν
729 3777 821 3869 παρά
875 3779 936 3846 ὅσα
960 3784 1049 3866 παρὰ
1074 3779 1323 3862 Θεμιστοκλείας
1347 3783 1394 3860 τῆς
1415 3769 1443 3832 ἓν

239 3892 292 3976 τῆς
315 3889 351 3955 ἐν
376 3890 517 3974 Δελφοῖς
541 3890 801 3975 Θεμιστοκλείας·
878 3888 1020 3970 Δελφοῖς
1043 3885 1150 3970 ἔλεγεν
1172 3879 1412 3972 ἀκηκοέναι’“’)·

313 4138 362 4210 ²⁰⁹)
382 4139 422 4193 De
441 4139 552 4208 copiosa
569 4139 730 4208 placitorum
748 4135 993 4208 Pythagoricorum
1011 4134 1116 4205 sylloga
1134 4133 1238 4188 Laertii
1258 4149 1354 4188 vereor
1371 4139 1442 4185 meum
