3016 4858
1208 203 1271 266 123

99 379 150 438 καὶ
183 379 286 461 τρίτος
314 374 544 459 ἐπισημότατος
572 371 806 456 Σικυώνιος,
841 369 878 439 οὗ
911 375 997 439 ἐστιν
1030 374 1049 460 τ’]
1083 373 1280 459 πολυβιβλος

62 477 175 566 ἱστορία
198 480 280 567 ὑπὲρ
303 479 344 545 τὰ
367 473 394 544 λ’
419 469 531 562 βιβλία
555 475 750 560 ἔχουσαηἿ.

141 588 260 654 Plenus
282 589 454 658 Aratorum
479 591 668 669 conspectus
692 589 843 669 scriptori
867 588 1099 654 obversabatur
1122 590 1277 656 libroruin

62 696 206 759 memoria
240 695 385 760 eximius.
415 731 457 740 -
490 693 800 774 Circumspiciendus
835 696 981 760 eruditus
1016 696 1278 780 homonymorum

61 802 215 867 conlector
238 807 313 884 post
328 800 552 883 Apollonidem
576 799 616 884 [c.
635 801 677 865 30
693 820 724 882 p.
743 800 815 867 Chr.
834 802 890 886 n.].
919 803 1139 886 Biographum
1155 805 1280 870 Laerti-

61 925 146 972 anum
172 926 338 990 compara:
364 907 525 989 quadrant
548 911 582 971 et
604 911 705 972 testes
729 911 763 972 et
785 907 1017 992 homonymiac.
1065 911 1170 992 Atque
1200 911 1280 976 adeo

62 1013 260 1094 Apollonides
276 1013 463 1078 Nicaeensis
484 1013 569 1077 inter
584 1012 679 1077 huius
696 1018 844 1078 auctores
860 1017 1000 1080 occurrit
1015 1017 1099 1098 apud
1116 1016 1280 1082 Laertium

61 1118 100 1182 IX
117 1123 178 1185 109
202 1119 239 1183 ἐν
262 1119 309 1205 τῷ
331 1117 448 1205 πρώτῳ
471 1121 536 1183 τῶν
559 1121 605 1194 είς
627 1118 701 1195 τους
724 1120 854 1196 σίλλους
876 1118 1115 1207 ὑπομνημάτων
1140 1123 1161 1186 ἃ
1184 1143 1281 1211 προσ-

60 1240 156 1310 φωνεῖ
181 1231 316 1312 Τιβερίῳ
345 1229 494 1311 Καίσαρι.

141 1334 192 1398 hd
220 1335 354 1398 eandem
383 1335 482 1398 vitam
512 1333 627 1398 Suidas
656 1353 681 1398 s.
706 1354 734 1398 v.
758 1335 913 1418 Ἀρατος,
949 1336 1017 1400 aive
1047 1339 1207 1420 prompsit
1242 1357 1282 1404 ex

61 1439 213 1524 Hesychio
237 1442 304 1508 sire
328 1460 366 1507 ex
389 1441 581 1508 Arateoruru
604 1439 723 1520 codice,
747 1441 946 1506 revocandus
969 1448 1028 1507 est.

535 1723 565 1780 2.
594 1725 638 1779 lto
657 1723 796 1792 sibyllis.

143 1865 336 1948 Sibyllarum
349 1866 443 1931 index
455 1866 677 1948 Hesychianus
690 1866 791 1950 [Suid.
806 1884 830 1931 s
841 1866 884 1950 u]
901 1868 963 1932 iam
977 1866 1132 1933 Clementi
1142 1869 1281 1934 'Alexan-

63 1971 146 2038 drino
177 1974 321 2039 innotuit
348 1993 379 2054 p.
406 1975 468 2036 144
497 1971 635 2055 Sylburg
667 1977 738 2037 octo
769 1973 968 2038 enumeranti
997 1973 1100 2056 Phyto
1132 1975 1280 2057 Samiam,

63 2077 299 2162 Colophoniam,
336 2079 526 2160 Cumanam,
561 2078 788 2162 Erythraeam,
823 2079 996 2162 Phrygiam
1032 2081 1280 2163 Tarouandram,

63 2185 291 2268 Macedoniam,
321 2186 517 2268 Thessalam,
548 2185 793 2267 Thesprotidem
824 2185 876 2270 [cl.
902 2187 978 2252 diss
1010 2187 1065 2253 ‘de
1089 2188 1282 2271 Sibyllarum

63 2293 225 2360 iudicibus*
264 2315 294 2377 p.
323 2293 388 2378 55].
441 2294 489 2358 Ex
525 2293 654 2359 eodem
686 2293 791 2358 indice
821 2292 966 2359 Clemens
995 2315 1026 2376 p.
1052 2296 1113 2360 139
1144 2295 1281 2379 Sylburg

63 2397 134 2466 haec
149 2401 360 2484 repetivit-
375 2400 459 2466 solet
475 2401 559 2465 enim
579 2400 741 2465 dissecare
757 2419 838 2482 quae
854 2401 976 2466 invenit
999 2401 1084 2466 inter
1100 2421 1134 2467 se
1151 2421 1280 2483 conexa,

63 2505 216 2574 rhetiam
239 2508 415 2574 Dielesium
440 2507 532 2592 [mus
558 2507 648 2572 rhen.
674 2507 780 2572 XXXI
802 2527 833 2589 p.
850 2508 893 2572 34
909 2504 1021 2594 n.]-z

246 2612 371 2667 Clemens
389 2611 406 2664 l.
426 2627 448 2664 c.
665 2612 669 2692 η
907 2612 983 2669 Suid.
1002 2629 1023 2667 s.
1036 2629 1060 2667 v.

64 2721 144 2786 ἀλλά
182 2729 238 2788 καὶ
271 2721 291 2806 ίη
323 2723 468 2804 Σίβυλλα
499 2719 643 2808 Ὀρφέως

64 2830 275 2916 παλαιοτέρα·
310 2830 460 2909 λέγονται
493 2832 555 2916 γάρ
589 2835 643 2893 καὶ

65 2937 132 3020 περί
164 2941 217 3021 τῆς
250 2937 436 3022 ἐπωνυμίας
462 2933 561 3023 αὐτῆς
588 2943 641 3000 καὶ
697 2956 721 3002 s.
736 2941 813 3003 ν.Σ.
829 2938 992 3022 Φρυγία,
1008 2933 1027 3020 ἡ
1043 2936 1201 3022 κληθεῖσα
1218 2933 1282 3002 ὑπό

66 3043 218 3127 περὶτῶν
241 3051 389 3128 χρησμῶν
416 3044 481 3108 τῶν
504 3065 642 3108 καταπι-
696 3065 794 3108 τινων
807 3040 1027 3128 Ἀρτιμιςηθλ,
1051 3039 1114 3107 ὑπὸ
1136 3042 1173 3106 δέ
1185 3065 1282 3107 τινοιν

67 3154 269 3232 φημισμέντυν
299 3149 419 3234 ἐκείνης
442 3151 528 3215 εἶναι
551 3148 642 3227 λόγοι
697 3147 902 3236 Κασσάνδρα,
925 3147 1036 3214 ἄλλον
1056 3147 1096 3214 δὲ
1116 3147 1281 3236 Ταραξτίν-

67 3253 201 3330 πλείους·
219 3259 404 3340 Φρυγίαν
419 3279 453 3320 τε
476 3252 578 3321 οὖσαν
593 3279 642 3318 κε·
666 3255 670 3344 l
696 3257 773 3342 ἄρα’
798 3255 852 3320 καὶ
875 3252 956 3340 αὕτη
980 3253 1153 3342 χρησμούς·

68 3411 271 3426 ''Q—

134 3499 183 3568 ¹³⁴)
200 3501 239 3556 Ut
257 3500 348 3568 patria
365 3500 446 3555 Arati
464 3507 561 3570 poetae
581 3502 647 3556 satis
666 3501 843 3572 significetur,
862 3503 943 3558 docta
960 3503 994 3557 de
1013 3501 1128 3556 dirersis
1147 3505 1283 3568 quotquot

69 3583 139 3640 luere
168 3588 238 3642 Solis
266 3587 380 3644 urbibus
412 3589 543 3644 inseritur
572 3589 723 3658 disputatio
755 3589 854 3658 partim
882 3589 916 3645 de
943 3590 1128 3646 Eratosthene
1156 3587 1283 3658 primitus

70 3685 170 3744 sumpta
188 3676 234 3747 [ol.
253 3677 382 3732 Nieseum
401 3694 469 3732 mus.
487 3679 564 3734 rhen.
580 3678 685 3732 XXXII
704 3680 796 3748 (1877)
813 3695 839 3748 p.
853 3681 927 3748 302}
963 3679 1055 3734 Etiam
1073 3679 1188 3734 aliarum
1205 3677 1283 3732 adhi-

70 3760 162 3818 bentur
173 3765 361 3835 homonymiae
375 3767 449 3820 velut
463 3766 552 3820 Saldis
564 3773 593 3822 et
605 3767 782 3834 Athenarum,
796 3775 826 3820 ut
838 3767 953 3836 patefiat
964 3783 1045 3836 quam
1058 3783 1112 3822 non
1131 3767 1167 3820 sit
1185 3767 1282 3820 mirum

70 3855 91 3901 el
107 3851 157 3906 ἀπὸ
179 3855 224 3908 τοῦ
247 3855 325 3907 αὑτοῦ
348 3853 479 3924 ὀνόματος
503 3852 621 3923 διάφορα
643 3855 694 3906 τῶν
719 3857 830 3909 πολιτῶν
852 3853 882 3910 τὰ
904 3855 1030 3927 ὀνόματα.
1066 3856 1099 3909 In
1118 3855 1283 3909 Favorinum

72 3935 132 3992 boec
150 3955 260 4009 qnoque
280 3941 417 4009 quadrant
436 3941 480 4013 [cf.
492 3941 685 3997 Nietzscheum
703 3957 771 3997 mus.
783 3942 859 3997 rhen.
877 3943 972 3999 XXIII
992 3945 1081 4012 [1869]
1100 3959 1127 4011 p.
1141 3945 1192 3999 642
1205 3945 1283 4012 sqq.]·

72 4029 105 4080 Al
122 4038 234 4096 possunt
252 4029 286 4084 ab
304 4047 437 4099 anonymo
457 4031 528 4086 vitae
549 4031 682 4099 scriptore
701 4031 809 4087 aliunde
828 4033 938 4088 invecta
956 4047 1024 4087 esse.

137 4115 186 4188 ¹³⁵)
203 4117 337 4189 ‘sulpura’
355 4117 434 4174 codd.
453 4119 594 4175 emendavi
613 4117 659 4188 [cl.
679 4119 813 4191 Philolog.
833 4123 1079 4190 Untsrsuchungsn
1097 4119 1146 4188 11].
