3010 4866
232 247 253 310 4

232 421 322 486 nullo
346 421 535 504 perlectam,
565 420 682 486 nedum
706 420 920 484 examinatam
949 436 1020 484 esse
1043 417 1283 484 intellexissem.
1329 413 1389 481 Sed
1414 415 1451 478 de

231 529 292 595 hoc
325 535 400 611 post
429 529 549 592 videro.
580 565 624 575 —
655 527 873 592 Marresius
900 525 1115 591 Hullemanno
1143 544 1277 592 suasore
1307 523 1452 590 Favorini

232 637 432 702 Arelatensis
461 635 615 717 reliquias
644 634 703 699 suh
731 653 827 699 unum
858 633 1044 716 adspectum
1070 641 1203 700 conatus
1227 639 1278 700 est
1301 633 1451 698 subicere.

232 743 402 826 Gougessit
426 743 542 826 quihus
565 761 681 808 nomen
705 748 777 806 eret
800 743 1031 824 praepositum,
1056 743 1095 808 de
1112 761 1169 807 suo
1186 743 1269 806 scitu
1293 741 1345 806 vix
1359 739 1453 820 digna

232 857 288 916 aut
311 857 423 934 aperte
447 849 529 914 falsa
558 851 696 914 addidit:
729 851 857 914 iamiam
881 849 1020 914 hominis
1043 849 1204 914 immerito
1228 849 1331 931 ignoti
1355 847 1452 928 sospi-

231 963 371 1024 tatorem
395 977 429 1022 se
453 958 561 1022 iactat.
611 955 727 1022 Confer
751 959 820 1022 eius
845 958 1106 1022 dissertationem
1131 957 1180 1021 ‘de
1204 955 1354 1022 Favorini
1377 955 1454 1019 Are·

232 1067 367 1132 latensis
397 1066 463 1130 vita
494 1053 609 1130 studiis
638 1065 776 1146 scriptis’
808 1065 948 1147 Trajecti
984 1065 1025 1129 ad
1056 1064 1201 1128 Rhenum
1234 1065 1330 1130 1853.
1389 1062 1452 1126 Iste

232 1175 317 1257 qnod
347 1173 453 1255 amplo
483 1172 641 1238 volumine
670 1173 751 1236 nihil
778 1173 852 1238 novi
881 1173 1000 1251 domuit,
1030 1189 1107 1236 sane
1137 1177 1190 1237 est
1210 1173 1396 1250 dolendum3
1420 1175 1453 1235 ut

111 1345 115 1356 ,
231 1281 311 1346 nihil
348 1281 491 1360 obesset,
528 1299 566 1346 eo
602 1279 748 1345 effectum
778 1287 829 1344 est
863 1281 949 1363 quod
978 1280 1106 1345 omuino
1138 1298 1202 1345 uon
1231 1280 1356 1345 studuit
1384 1277 1454 1343 novi

232 1389 407 1472 quidquam
431 1389 556 1453 docere.
605 1388 686 1452 Eum
710 1388 810 1469 igitur
832 1389 940 1453 nescio
965 1407 1005 1452 an
1033 1387 1133 1452 semel
1160 1387 1249 1452 bisve
1274 1388 1335 1452 sim
1357 1387 1454 1452 nomi-

231 1503 375 1561 naturus.
404 1533 444 1544 —
475 1496 575 1561 Porro
605 1495 685 1560 val.
718 1496 817 1560 Rosa
848 1495 913 1580 [‘de
943 1496 1130 1560 Aristotelis
1159 1495 1317 1560 librorum
1347 1494 1455 1559 ordine

231 1610 265 1670 et
298 1604 501 1669 auctoritate'
535 1603 635 1686 1854]
670 1621 740 1668 cum
775 1603 957 1684 catalogum
992 1603 1146 1668 ilhrorum
1178 1601 1454 1668 Aristotelicorum

232 1712 439 1777 Laertianum
470 1731 509 1776 ex
538 1711 689 1775 Favorini
718 1711 889 1792 omnigena
917 1709 1053 1774 historIa
1082 1709 1260 1789 derivaret,
1294 1709 1455 1774 Laertium

232 1820 337 1885 obiter
367 1820 504 1884 coniecit
533 1837 572 1882 ex
601 1817 835 1883 recentioribus
862 1819 916 1882 vix
944 1818 1112 1884 duodecim
1143 1817 1239 1899 primi
1274 1817 1400 1883 scilicet
1425 1819 1455 1878 et

232 1927 364 1992 secundi
388 1945 419 2008 p.
446 1925 518 1990 Chr.
546 1945 575 1990 n.
602 1925 732 2006 saeculi,
756 1943 818 2008 quo
842 1926 980 1990 maxime
1003 1924 1198 1991 effloruisset
1214 1925 1455 1990 commentario

230 2053 302 2099 rum
326 2033 383 2098 llla
406 2035 497 2098 mirti
522 2034 702 2114 argumenti
718 2033 852 2114 scriptio
869 2039 903 2098 et
919 2031 1050 2098 confusa
1071 2033 1229 2115 quaedam
1248 2031 1453 2116 polymathia

232 2142 321 2207 velut
345 2159 362 2204 c
387 2139 587 2223 Myroniano,
612 2139 790 2222 Pamphila,
817 2139 944 2220 Sabino,
969 2139 1108 2206 fortasse
1132 2139 1323 2206 Dioscorida
1346 2135 1453 2225 [163]ι

230 2245 391 2310 Favorino
426 2251 529 2311 totum
566 2265 646 2328 opus
682 2247 932 2312 consarcinasse.
989 2249 1068 2312 Rem
1098 2249 1322 2329 gravissimam
1357 2263 1454 2330 paene

232 2353 414 2418 transiluit:
451 2359 485 2418 at
520 2355 600 2418 talia
634 2353 769 2419 dedecet
804 2355 978 2420 transilire.
1029 2357 1184 2420 Rationes
1212 2356 1312 2421 Rosci
1341 2355 1454 2438 partim

232 2461 313 2525 nihil
337 2463 456 2542 partim
485 2479 549 2526 non
580 2463 660 2527 satis
684 2461 809 2540 valent,
834 2479 939 2543 neque
962 2461 1079 2543 dignae
1103 2469 1179 2528 sunt
1200 2481 1285 2546 quae
1309 2466 1454 2530 accurata

232 2567 482 2650 redarguantur,
517 2587 588 2634 cum
623 2569 814 2651 praesertim
845 2574 880 2633 et
907 2567 1107 2634 Bahnschius
1136 2570 1389 2653 [‘quaesti0nnm
1419 2567 1453 2632 de

233 2675 356 2740 Laertii
383 2675 527 2741 lontibus
555 2677 657 2741 initia’
687 2695 718 2758 p.
751 2679 793 2740 49
822 2675 885 2760 sq]
914 2682 948 2741 et
976 2677 1187 2743 Nietzscheus
1214 2677 1339 2762 [progr.
1370 2675 1454 2743 Basi-

233 2783 302 2847 leae
330 2785 415 2848 1870
438 2803 469 2866 p.
498 2780 551 2867 18]
575 2786 720 2867 quamvis
744 2803 856 2850 severe
878 2791 986 2850 tamen
1010 2787 1190 2850 rectissime
1210 2785 1250 2850 de
1273 2787 1316 2850 iis
1340 2786 1453 2852 iudica·

232 2889 348 2956 veriut.
396 2890 557 2956 Nonnulla
581 2893 661 2956 scite
685 2893 867 2974 excogitata
891 2911 949 2958 suo
973 2894 1043 2958 loco
1068 2911 1189 2976 suoque
1206 2899 1355 2976 tempore
1379 2909 1454 2959 com-

233 2997 427 3063 memorabo.

322 3105 468 3187 Denique
499 3106 607 3170 extitit
637 3109 691 3188 qui
719 3109 894 3174 intentiore
924 3115 958 3173 et
986 3107 1129 3174 feliciore
1157 3127 1257 3190 opera
1279 3109 1312 3174 iu
1339 3105 1453 3175 Laertii

234 3212 1452 3299 DiogenishistoriamphilosophaminquireretFridericosNietzsche,

234 3318 274 3383 de
298 3319 442 3402 Diogene
466 3321 607 3385 omnium
631 3321 726 3402 longe
751 3324 871 3403 optime
900 3325 1035 3389 meritus
1059 3329 1092 3389 et
1115 3325 1219 3406 tnagis
1243 3325 1344 3388 etiam
1368 3319 1453 3388 meri·

149 3429 152 3434 '
234 3431 335 3507 turus,
360 3428 423 3492 nisi
447 3427 479 3492 in
503 3427 645 3493 tramitis
669 3431 790 3510 reperti
812 3430 915 3511 gloria
940 3432 1145 3514 acquiescere
1168 3449 1263 3514 quarn
1288 3435 1453 3515 angustum

234 3551 272 3597 ac
295 3533 495 3600 salebrosum
519 3536 693 3618 multisque
721 3535 920 3603 anfractibus
943 3539 1072 3621 plenum
1101 3541 1253 3622 persequi
1279 3539 1451 3606 maluisset

233 3639 414 3706 Publicavit
437 3644 529 3707 annis
556 3645 640 3708 1868
666 3663 733 3727 sqq.
759 3645 792 3710 in
815 3647 917 3711 musei
941 3647 1075 3712 rhenani
1094 3649 1191 3713 tomis
1206 3646 1325 3726 XXIII,
1345 3641 1452 3718 xxiv,

235 3745 324 3812 XXV
349 3749 399 3814 ‘de
422 3749 543 3814 Laertii
560 3751 715 3834 Diogenis
739 3749 891 3818 lontibus'
917 3757 1204 3822 commentationes
1224 3755 1336 3820 multis
1360 3749 1452 3820 nomi

234 3854 329 3919 nibus
346 3857 533 3938 laudabiles,
559 3859 668 3924 multis
685 3861 783 3926 etiam
798 3863 1038 3944 vituperandae,
1061 3865 1145 3930 uude
1161 3863 1239 3929 mihi
1255 3861 1452 3945 proficiscen·

236 3959 310 4025 dum
335 3965 407 4044 erit,
432 3965 499 4030 sive
524 3985 615 4032 secus
633 3970 737 4035 sentio
754 3975 791 4034 ut
814 3971 1007 4053 impugnem,
1030 3989 1087 4038 seu
1103 3973 1182 4038 mihi
1204 3971 1288 4038 idem
1312 3965 1451 4054 persuasi

235 4074 273 4133 ut
300 4070 390 4135 novis
421 4071 549 4138 huleiam
579 4075 788 4142 adminiculis
832 4077 972 4144 Tametsi
1001 4099 1106 4162 paene
1133 4099 1261 4162 semper
1291 4081 1450 4149 adversam

236 4175 427 4244 Nietzscheo
455 4183 648 4248 sententiam
673 4185 863 4252 defensurus
891 4189 1013 4270 perlevi
1041 4193 1203 4255 momento
1232 4205 1305 4254 eum
1329 4201 1449 4274 possum
