3016 4858
368 1257 426 1356 V.
456 1309 481 1355 o.
506 1257 672 1356 W.·M.
708 1255 1008 1355 ERNESTO
1043 1255 1330 1356 MAASSIO

833 1454 864 1522 S.

242 1689 362 1776 Sentio
385 1705 589 1772 audaciorem
612 1723 663 1771 me
686 1703 795 1788 lunsse,
820 1706 921 1772 amice
938 1706 1070 1788 Maassi,
1094 1725 1165 1772 cnm
1183 1711 1289 1773 tecum
1309 1703 1446 1774 constitui

240 1821 278 1882 ut
300 1832 516 1899 quaecumque
538 1815 644 1880 minus
666 1813 778 1880 dextre
800 1814 877 1880 mihi
899 1815 1054 1882 videreris
1070 1815 1314 1882 administrasse
1328 1835 1384 1899 per
1402 1813 1447 1878 lit-

241 1929 328 1989 teras
343 1921 500 1988 Favorino
515 1927 571 1988 tuo
588 1921 790 1988 subiciendas
805 1922 936 1989 uberius
953 1927 1050 2006 atque
1065 1921 1234 1989 rotundius
1250 1923 1446 1990 edissererem

241 2049 336 2112 quam
359 2027 620 2096 adnotationibus
644 2029 779 2112 carptim
803 2027 887 2094 infra
909 2029 1085 2112 marginem
1106 2029 1225 2096 additis
1244 2028 1316 2096 fieri
1339 2031 1445 2114 posset.

242 2137 276 2203 in
300 2137 369 2202 dies
393 2137 477 2202 enirn
492 2137 596 2219 magis
619 2136 660 2202 ab
682 2155 721 2202 ea
744 2137 905 2203 sententia
928 2135 1043 2203 deflexi
1058 2155 1153 2220 quam
1168 2137 1248 2203 mihi
1270 2137 1335 2204 iam
1358 2151 1447 2220 paene

241 2263 458 2327 persuasores.
508 2243 743 2312 cavillabuntur
765 2245 893 2327 quidem
916 2245 1065 2312 malevoli
1087 2244 1250 2328 invidique
1274 2245 1360 2312 intra
1380 2261 1446 2309 aun·

241 2352 313 2418 dem
341 2350 457 2418 librum
481 2351 700 2419 diversissima
729 2351 902 2419 adfirmari.
955 2371 1146 2436 quamquam
1177 2353 1258 2419 istos
1287 2345 1350 2420 non
1372 2369 1446 2426 curo,

241 2460 295 2544 qui
317 2479 358 2526 ne
381 2460 415 2526 id
430 2459 558 2543 quidem
573 2461 797 2543 pertimescam
819 2479 860 2527 ne
883 2465 920 2527 tu
943 2479 1039 2545 aegre
1062 2462 1188 2528 laturus
1211 2461 1256 2527 sis
1280 2459 1365 2544 qnod
1382 2477 1400 2523 a
1417 2461 1447 2520 te

241 2566 406 2648 dissentio,
431 2571 543 2633 contra
565 2572 733 2650 repugno,
758 2568 921 2635 erroribus
945 2570 1010 2635 tuis
1034 2587 1130 2652 quam
1152 2585 1284 2651 possum
1307 2565 1447 2634 acerrime

241 2673 335 2739 insto.
383 2673 438 2756 qui
460 2693 563 2758 neque
586 2675 754 2741 Platonem
776 2675 897 2742 habent
919 2677 1054 2742 amicum
1070 2693 1173 2758 neque
1188 2675 1359 2741 dentatam
1380 2670 1448 2738 ami·
1489 2737 1490 2748 ἶ

241 2781 359 2847 ciorem
381 2780 502 2848 κολοιοὶ
523 2782 599 2848 ποτὶ
620 2783 764 2860 κολοιούς
780 2784 948 2851 considant
963 2785 1082 2851 mutuis
1097 2781 1247 2850 laudibus
1264 2797 1447 2850 communem

241 2883 408 2956 οὐδένειαν
432 2895 629 2964 excusantes.
674 2911 735 2959 nos
764 2893 899 2960 inuicem
929 2911 1079 2960 censores
1110 2891 1209 2957 simus
1237 2893 1332 2974 aequi
1357 2895 1390 2956 et
1408 2889 1447 2954 in=

243 2998 395 3081 cormpti,
420 2999 462 3081 iu¹
475 2999 696 3082 vituperandis
713 2999 807 3066 amici
830 2999 993 3066 erroribus
1010 3016 1110 3078 acres,
1134 2997 1225 3082 parci
1240 2997 1275 3064 in
1290 2995 1446 3066 laudando.

241 3105 288 3172 ita
310 3111 345 3172 te
367 3105 526 3174 lucturum
549 3105 648 3173 finisse
672 3104 805 3188 confido,
830 3106 877 3173 ita
899 3107 969 3190 ipse
993 3105 1064 3187 leci,
1088 3124 1191 3190 neque
1214 3105 1322 3174 hercle
1337 3107 1394 3172 hac
1414 3103 1448 3168 de
1489 3155 1490 3204 1

241 3231 338 3280 causa
364 3213 499 3281 haesito.
547 3233 658 3281 verum
689 3215 772 3280 enim
800 3233 875 3281 vero
905 3215 1066 3281 sententia
1094 3231 1133 3280 ea
1161 3231 1257 3296 quam
1282 3233 1341 3300 ego
1363 3219 1448 3280 teneo
1489 3215 1490 3300 l

240 3319 368 3405 flagitat
398 3328 436 3388 ut
456 3323 610 3406 Diogenis
639 3323 672 3388 in
700 3323 890 3406 conpilando
919 3324 1018 3404 ratio,
1048 3323 1080 3388 in
1104 3322 1309 3390 conectendis
1332 3339 1448 3402 excerp

240 3430 374 3512 tisana,
407 3431 441 3496 in
464 3430 597 3498 dicendo
622 3431 817 3498 consuetudo
846 3429 1090 3513 diligentissime
1113 3435 1345 3514 pertractetur,
1374 3427 1448 3495 unde
1489 3447 1490 3508 p

241 3537 371 3604 tandem
401 3539 442 3605 ad
469 3539 668 3622 quaerendos
703 3539 812 3621 potius
841 3557 937 3622 quam
965 3537 1172 3606 inveniendos
1207 3537 1314 3606 fontes
1348 3539 1449 3604 adsur-
1489 3555 1490 3562 ¹

242 3651 345 3729 gutur.
393 3647 478 3730 quod
508 3665 611 3731 neque
640 3647 789 3730 praestiti
816 3664 921 3730 neque
948 3653 1116 3730 praestare
1145 3647 1252 3729 potui,
1289 3666 1358 3713 cum
1386 3644 1449 3710 aliis

241 3753 351 3820 multis
374 3754 413 3820 de
437 3755 541 3822 causis
565 3755 641 3840 (scis
662 3755 747 3822 enim
770 3773 865 3838 quam
881 3755 1016 3822 diversis
1032 3754 1171 3837 negotiis
1187 3754 1367 3835 distineor),
1390 3759 1449 3819 mn

242 3861 318 3944 quia
341 3862 467 3929 omnino
497 3863 647 3946 scriptori
674 3881 788 3929 manus
817 3861 986 3928 admovere
1009 3861 1198 3944 reformido,
1223 3863 1314 3928 cuius
1336 3861 1386 3928 uel
1407 3879 1450 3926 re·
1489 3907 1490 3932 l

243 3969 392 4036 censendi
415 3969 558 4037 subsidia
586 3990 625 4037 ex
653 3969 862 4037 abditissimis
891 3971 1017 4053 angulis
1047 3969 1157 4053 ntique
1187 3987 1302 4036 manca
1331 3967 1450 4052 conqui-
1489 3999 1490 4056 ;

242 4075 342 4141 reuda
365 4083 449 4158 sunt,
473 4077 536 4144 nisi
556 4077 655 4162 (quod
670 4098 728 4146 nos
744 4079 837 4145 inviti
852 4077 997 4164 fecimus)
1021 4077 1236 4160 spurcissimis
1252 4077 1451 4160 adquiescere

242 4183 386 4251 volumus
421 4186 663 4270 exemplaribus.
710 4187 832 4271 pudeat
864 4186 1046 4270 philologos
1079 4185 1165 4270 quod
1198 4185 1340 4253 nondum
1371 4189 1451 4252 extat
