3016 4858
1207 235 1268 298 127

59 407 150 488 sychii
171 408 345 474 cohaerent
367 408 517 490 indiculo,
542 415 578 474 ut
601 409 642 474 od
666 411 800 476 eundem
824 410 1036 493 biographum
1060 412 1128 476 iure
1149 417 1271 476 utrum-

58 532 113 594 que
135 513 267 580 referret
289 515 484 582 Lobeokius:

364 620 526 690 Hesychius.
871 625 874 706 l
985 621 1108 676 Clemens
1126 621 1144 674 l.
1165 636 1188 675 ο.

57 726 170 814 ἔγραψε
193 729 380 814 τριαγμούς·
404 730 556 809 λέγονται
579 731 614 794 δ’
637 731 722 794 εἶναι
736 731 845 805 Ἴωνος
876 707 1272 816 iuvandarum—{iffi

57 841 107 898 τού
138 839 305 919 τραγικοῦ·
341 833 376 899 ἒν
404 835 440 898 δὲ
475 837 599 911 τούτοις
632 834 673 900 τὰ
708 835 843 920 ἱεροστο·
899 847 992 911 ναῒος
1014 830 1053 900 οὗ
1076 836 1115 898 τύ
1139 839 1185 911 τίς
1200 833 1271 922 Ὀρ-

56 937 339 1022 leudocharium,
364 941 482 1017 κλίσεις
505 940 671 1024 κοσμικύς,
697 965 844 1006 νιωτευκ-
900 947 965 1027 cpio
989 938 1153 1026 φερόμενα
1179 942 1271 1028 ποιή-

56 1045 133 1124 τικύ,
157 1045 262 1130 ἱερούς
285 1045 398 1126 λόγους
422 1047 458 1113 ἐν
480 1047 667 1135 ῥαψριύίαις
690 1047 761 1112 κδ’·
798 1049 844 1111 λέ-
899 1074 987 1132 ματα
1027 1047 1150 1127 λέγεται
1185 1051 1270 1114 είναι

55 1172 155 1225 γονται
185 1151 221 1214 d'
252 1155 335 1217 εἶναι
364 1151 547 1237 Θεογνήτου
575 1155 634 1218 τού
664 1152 844 1234 Θεσσαλοῦ,
899 1154 1073 1240 εὑρίσκεται
1112 1155 1175 1220 κτλ.
1215 1157 1271 1220 τὸν

57 1253 84 1317 οἷ
111 1257 143 1319 δέ
168 1263 337 1342 Κέρκωπας
365 1268 424 1324 τοῦ
453 1265 693 1346 Πυθαγορείου·
730 1277 844 1346 χρρσ-
898 1267 1040 1347 κρατῆρα
1069 1261 1104 1326 δέ
1132 1263 1187 1326 τὸν
1202 1257 1271 1348 Ὀρ-

55 1362 151 1444 μούς,
191 1370 227 1428 ol'
262 1355 482 1452 ἀναφέρονται
522 1369 567 1441 είς
594 1363 843 1451 Ὀνομάκριτον·
898 1371 982 1453 φέως
1021 1366 1180 1454 Ζωπύρου
1213 1370 1270 1434 τού

56 1468 219 1544 τελετάς·
259 1467 376 1552 ὁμοίως
418 1472 457 1536 δέ
500 1489 583 1558 φασι
624 1473 678 1534 καὶ
723 1470 844 1547 τούτοις
892 1471 1125 1558 Ἡρακλεώτου,
1153 1474 1210 1558 τὴν
1235 1475 1270 1538 δὲ

52 1571 293 1662 Ὀνομακρίτου·
324 1580 361 1644 έν
388 1578 509 1656 τούτοις
537 1581 572 1645 δ’
600 1581 667 1644 ἐστὶ
694 1580 764 1667 περὶ
794 1580 843 1643 λί-
898 1577 1066 1654 είςἎιδου
1089 1579 1270 1664 κατάβασιν

57 1683 120 1744 θων
150 1683 288 1768 γλυφῆς,
327 1682 393 1768 ἥτις
422 1682 739 1770 Ὀγδοιγκοντύλιθος
774 1685 843 1750 ἐπι·
900 1686 1061 1771 Προδίκου
1069 1689 1268 1770 τοῦΣοιμίου·

59 1785 223 1871 γρύιγεται·
272 1789 455 1877 σωτήρια·
502 1793 606 1858 ταῦτα
649 1793 842 1875 Τιμοκλέους
888 1794 974 1857 Ἴων
1001 1790 1045 1856 δέ
1069 1791 1086 1856 ὁ
1111 1797 1210 1866 Χίος
1233 1791 1270 1858 έν

57 1897 105 1955 τοῦ
130 1899 327 1980 Συρακοσίου
360 1897 483 1977 λέγεται
511 1904 564 1962 καὶ
595 1904 755 1986 Περγίνου
784 1901 840 1964 τοῦ
866 1875 869 1964 λ
894 1907 960 1972 τοϊς
1002 1903 1176 1982 Τριαγμοῖς
1214 1903 1270 1961 καὶ

61 2001 221 2086 Μιλησιοο·
272 2007 478 2090 κρατῆρας·
528 2005 629 2070 ταῦτα
681 2003 840 2090 Ζωπύρου
897 2001 1104 2090 Πυθαγόραν
1134 2005 1178 2077 είς
1199 2002 1268 2089 Ὀρ-

57 2111 161 2186 ρασίν·
177 2107 427 2192 θρονισμούς
441 2108 642 2197 μητρῴους
657 2116 721 2174 καὶ
737 2117 839 2174 Βακ-
895 2115 961 2194 ρέα
988 2107 1173 2188 ἀνενεγκεῖν
1194 2131 1267 2174 τινα

57 2213 150 2289 χικύ·
188 2216 291 2278 ταῦτα
325 2221 438 2281 Νικίου
472 2219 530 2282 τοῦ
551 2213 703 2282 Ἐλεάτου
738 2217 840 2301 φασὶν
893 2214 1023 2302 ἶστορεῒ·
1066 2213 1268 2302 Ἐπιγένης

57 2321 141 2384 clueo·
158 2320 352 2398 εέςἎιύου
374 2325 606 2408 κατάβασιν·
630 2321 840 2408 ταύταἭρο·
894 2323 927 2386 δ’
954 2323 991 2387 ἐν
1018 2330 1085 2395 τοῖς
1112 2323 1186 2406 περὶ
1214 2323 1267 2406 τῆς

57 2423 134 2492 δίκου
176 2429 323 2513 [Lobcck
362 2449 392 2511 p.
425 2431 509 2516 360]
546 2433 604 2495 τοῦ
641 2431 838 2515 Περινθίου·
894 2432 940 2506 είς
959 2425 1082 2516 Ὀρφέα
1109 2427 1267 2514 ποιήσεως
1308 2449 1325 2477 ·

57 2535 193 2602 πέπλον
216 2542 282 2599 καὶ
298 2537 472 2602 δίκτυον·
497 2542 668 2602 καὶταῦτα
684 2535 840 2620 Ζωπύρου
894 2539 1062 2622 Κέρκωπος
1078 2535 1166 2601 εἶναι
1183 2537 1267 2618 λέγει

57 2641 106 2710 τοῦ,
119 2637 350 2724 Ἡρακλεώτου,
379 2641 411 2706 οἱ
433 2641 472 2707 δὲ
497 2647 688 2728 Βροντίνου·
719 2641 840 2727 ὄνομα·
893 2650 947 2708 τοῦ
965 2645 1194 2728 Πυθαγορείου
1209 2645 1267 2726 τήν

57 2745 160 2830 στικύν,
184 2747 245 2834 ἔπη
260 2763 328 2833 μισ·
353 2752 538 2830 θεογονίαν,
564 2750 624 2834 ἔπη
640 2767 703 2834 ,aar
729 2744 839 2834 ἇστρο-
893 2749 938 2823 εἰς
951 2746 1066 2812 Ἀιδου
1086 2747 1267 2830 κατάβασιν

59 2857 180 2933 νομίαν·
219 2851 438 2938 ἇμοσκοπίαν·
477 2852 693 2941 θυηπολικόν.
731 2851 839 2918 αἰοθυ-
893 2854 947 2918 καί
969 2851 1024 2918 τὸν
1047 2852 1134 2940 ἱερὸν
1158 2852 1265 2938 λόγον,

57 2955 159 3042 τικύῆ
188 2958 387 3038 οἷοσκοπικύ,
416 2958 551 3036 έπικῶς·
590 2959 837 3036 καταζωστικόν·
893 2959 950 3026 τὸν
983 2960 1019 3024 δέ
1053 2959 1180 3026 πέπλον
1211 2967 1266 3025 καὶ

57 3056 175 3140 ὕμνους·
203 3068 435 3150 κορυβαντικόν
458 3067 512 3132 καὶ
536 3065 665 3153 φυσικά,
690 3063 715 3131 εἲ
738 3073 839 3153 Βρον-
892 3065 931 3130 τοὶ
945 3067 1063 3150 φυσικὰ
1076 3071 1264 3152 Βροντίνου.

57 3171 133 3233 tirou
155 3177 266 3256 φασίν.

132 3277 228 3361 Origo
252 3285 352 3362 potet.
400 3281 490 3346 Adde
514 3281 599 3362 quod
623 3281 734 3346 statim
757 3286 831 3362 post
855 3279 899 3363 [p.
921 3281 983 3344 144
1008 3277 1169 3364 Sylburg.]
1194 3280 1264 3346 (lle-

59 3395 134 3446 urens
150 3385 187 3449 dc
205 3385 335 3468 Sibyllis
352 3406 530 3451 sermonem
548 3385 653 3466 infert,
679 3405 772 3468 quem
789 3405 887 3468 supra
903 3386 1119 3450 demonstravi
1135 3383 1264 3452 fluxisse

58 3502 89 3548 rx
110 3491 214 3556 cudero
238 3491 417 3574 biographo
441 3492 493 3576 [cl.
519 3513 549 3574 p.
571 3494 657 3576 124}
705 3495 793 3558 llaec
816 3493 916 3576 igitur
938 3491 1103 3556 hactonus.

481 3772 511 3831 l.
532 3777 576 3830 Ilo
596 3773 835 3844 Thucydldlhus.

137 3919 162 3980 l.
197 3915 313 3983 Suidoc
336 3917 403 3982 vita
423 3916 615 4000 Thucydidis
638 3919 708 3984 iure
731 3918 945 3983 contemnitur
967 3933 1045 3998 prae
1069 3916 1261 3984 Marcellini:

60 4012 101 4080 hie
121 4021 225 4086 insunt
248 4029 399 4088 accurato
421 4043 504 4106 quoe
533 4025 577 4090 ihi
604 4026 696 4090 valde
726 4025 830 4090 exilia.
878 4023 970 4088 Unde
999 4023 1061 4088 iste
1090 4039 1262 4087 cousensus

61 4129 187 4192 evenerit
220 4129 450 4211 expediendum
481 4135 539 4196 est.
592 4131 634 4196 Ec
662 4131 883 4196 Marcellinum
918 4129 1046 4211 quidem
1080 4129 1262 4209 nuperrime
1347 4185 1350 4191 r
