3016 4858
1238 224 1299 290 153

67 403 160 470 tradi
185 407 220 468 et
242 421 301 485 per
330 419 466 484 corpora
488 400 715 484 biographica,
751 401 869 467 sensim
893 401 926 466 in
953 401 1127 470 lexicorum
1150 403 1300 470 macilen-

68 511 154 576 tiam
179 514 356 591 contracta,
381 513 415 574 et
437 527 496 592 per
518 510 611 591 vitas,
635 508 748 592 quales
771 509 854 574 etin
882 510 1153 591 praelectionibus
1177 511 1301 578 schola·

69 619 167 685 sticis
196 617 459 702 interpretationi
488 617 681 699 scriptorum
711 615 1004 699 praemittebantur
1031 623 1065 684 et
1095 620 1127 685 in
1158 619 1301 686 codicum

69 726 237 809 capitibus
259 724 551 808 perscribebantur,
576 725 609 790 id
632 741 833 808 nequaquam
862 741 935 790 sera
957 730 1083 792 tantum
1112 727 1170 792 illa
1193 731 1301 792 aetate

69 833 204 914 accidit,
229 833 325 899 immo
348 833 423 898 inde
448 832 488 897 ab
512 831 800 897 Alexandrinorum
824 831 1018 898 editionibus
1041 833 1089 898 ita
1110 833 1181 900 luit.
1224 852 1300 916 ergo

68 940 212 1006 Albinus
247 944 281 1004 et
310 938 487 1021 Appuleius
522 944 555 1003 et
583 938 745 1019 Diogenes
779 937 874 1020 plane
909 937 1043 1004 eandem
1066 941 1165 1006 vitam
1193 939 1302 1022 legere

68 1050 239 1131 poterant,
263 1063 345 1112 unus
373 1046 406 1111 in
435 1045 571 1111 Platone
600 1063 672 1124 suo,
702 1043 785 1110 alter
812 1044 845 1110 in
873 1047 1100 1113 commentario
1123 1047 1301 1130 Platonico,

70 1154 195 1221 tertius
218 1154 251 1218 iu
275 1171 409 1234 corpore
432 1152 651 1236 biographico.
687 1151 787 1217 ueluti
805 1151 1060 1236 olympiodorus,
1085 1155 1148 1220 nisi
1173 1156 1302 1238 egregie

69 1261 188 1340 fallor,
212 1279 277 1326 non
300 1261 370 1341 ipse
402 1259 483 1325 adiit
505 1258 733 1342 Porphyrium,
769 1259 826 1324 sed
855 1279 938 1342 quae
967 1261 1144 1344 discipulus
1172 1263 1205 1328 in
1228 1263 1303 1328 Am-

70 1368 177 1436 monii
202 1366 312 1432 schola
334 1367 453 1432 litteris
476 1371 648 1449 exceperat
678 1383 749 1432 cum
777 1371 968 1448 praeceptor
992 1373 1105 1435 contra
1127 1369 1302 1436 Aristidem

72 1475 303 1554 baccharetur,
327 1479 498 1556 postquam
520 1473 671 1540 thronum
694 1473 854 1539 Ammonii
875 1475 1069 1556 conscendit,
1094 1493 1206 1542 secure
1229 1495 1302 1558 pro-

69 1583 219 1668 pagavit
254 1599 314 1647 nos
337 1585 445 1647 autem
468 1601 532 1647 non
553 1599 709 1663 personas
733 1581 916 1664 quaerimus
940 1582 997 1647 sed
1020 1601 1102 1664 rem;
1128 1585 1302 1649 coutemni-

69 1709 147 1758 mus
175 1707 269 1756 serva
297 1696 519 1772 excerptorum
547 1708 678 1772 pecora,
709 1694 869 1756 vetustam
897 1689 1051 1754 rimamur
1079 1691 1300 1756 eruditionem.

71 1801 189 1880 itaque
211 1815 276 1862 non
299 1797 434 1862 multum
457 1797 594 1862 interest
623 1797 751 1862 etiamsi
779 1795 909 1862 nomina
936 1796 1133 1877 ignoremus:
1165 1803 1200 1862 at
1228 1815 1302 1862 con·

71 1905 280 1972 suetudinem
293 1904 466 1970 conmdem
478 1904 564 1970 haud
576 1905 700 1970 nescire
712 1904 857 1970 interest.
894 1904 1115 1984 nonpaenitet
1128 1922 1303 1969 meeorum

72 2031 159 2098 quae
187 2013 222 2078 in
250 2011 372 2078 Herma
394 2011 456 2078 XII
480 2013 541 2077 341
569 2010 643 2077 dixi.
691 2029 751 2093 pro
783 2010 950 2092 explorato
979 2009 1083 2076 habeo
1111 2011 1303 2076 Pausaniam

73 2121 249 2188 Aelianum
277 2119 510 2186 Philostratum
539 2119 672 2184 Pindari
700 2116 850 2200 Aeschyli
879 2121 1043 2184 oratorum
1077 2118 1153 2184 vitis
1183 2117 1303 2184 eisdem

72 2247 153 2294 usos
190 2245 262 2292 esse
291 2245 373 2310 quae
403 2227 585 2293 etiamnunc
611 2226 645 2291 in
674 2229 843 2307 poctarum
878 2229 1105 2307 oratorumque
1141 2225 1303 2290 codicibus

74 2337 250 2417 legrmtur,
280 2334 337 2399 eed
366 2353 430 2399 non
458 2334 571 2416 quales
598 2351 682 2399 nunc
709 2333 861 2415 leguntur
889 2331 946 2396 scd
975 2331 1086 2413 quales
1118 2337 1195 2397 tunc
1217 2331 1303 2414 lege-

73 2445 208 2508 bantur.
273 2441 454 2506 etiamnunc
488 2447 597 2521 teneo,
640 2439 847 2504 Plutarchum
881 2439 915 2504 in
951 2437 1082 2504 Cimone
1112 2437 1304 2521 Thucydidis

74 2551 146 2616 rita
174 2566 270 2614 usum
299 2565 383 2614 esse:
420 2565 458 2613 ac
484 2548 558 2614 vide
590 2564 741 2630 quorsum
772 2545 923 2627 delapsus
959 2545 1002 2610 sit
1025 2544 1203 2611 Schoellius
1226 2545 1304 2628 (Ru-

75 2655 202 2722 dolium
234 2654 320 2736 dico,
351 2673 424 2720 nam
456 2655 498 2720 ad
520 2654 677 2720 Priderici
704 2652 843 2735 puerilia
872 2671 936 2718 non
965 2651 1153 2733 descendo):
1184 2652 1306 2718 mavult

76 2761 291 2829 Plutarchum
307 2761 348 2827 ad
364 2761 627 2827 commentarium
642 2760 847 2826 Pindaricum
863 2777 1024 2838 revocare,
1040 2757 1119 2824 facit
1134 2757 1304 2840 Didymum

75 2879 147 2937 tam
172 2869 309 2936 stultum
338 2875 376 2934 ut
403 2868 443 2934 de
467 2866 660 2951 Thucydidis
691 2866 839 2948 sepulcro
868 2866 910 2932 ad
938 2865 1070 2931 Pindari
1094 2865 1305 2931 Nemeonicos

77 2983 168 3061 agat,
196 2993 267 3042 cum
290 2974 498 3041 Plutarchum
521 2977 555 3041 in
583 2973 803 3057 componenda
826 2972 967 3038 Cimonis
994 2973 1062 3038 vita
1090 2969 1305 3054 Thucydidem

77 3105 173 3154 suum
209 3083 387 3166 inspexisse
422 3101 486 3148 non
513 3083 592 3148 vult.
645 3081 768 3148 scilicet
796 3080 937 3146 inaniter
960 3079 1000 3144 de
1030 3080 1158 3144 nomine
1191 3082 1329 3160 certat„

77 3215 153 3262 cum
182 3192 354 3274 Didymum
389 3189 563 3256 demedio
598 3189 712 3256 tollere
740 3193 828 3269 avet,
863 3188 973 3269 itaque
1002 3205 1070 3252 rem
1106 3204 1124 3250 e
1158 3185 1306 3252 manibus

78 3302 166 3368 elabi
190 3299 325 3382 patitur.
359 3315 433 3364 nam
456 3297 507 3363 fac
529 3296 684 3379 Didymus
708 3293 978 3376 conscripsisset
1001 3293 1100 3360 vitam
1113 3292 1306 3374 Thucydidis

78 3409 268 3494 (scripsisse
290 3426 354 3473 non
378 3409 500 3472 certum
524 3402 581 3468 sed
604 3401 697 3466 valde
719 3399 887 3483 probabile
911 3399 985 3485 est),
1009 3419 1069 3481 pro
1093 3418 1131 3465 eo
1155 3400 1183 3464 is
1207 3400 1309 3482 scrip-

79 3525 143 3599 tor,
161 3532 340 3597 anonymus
356 3511 505 3591 fortasse,
523 3509 689 3592 ponendus
705 3512 756 3574 est
771 3509 826 3590 qui
841 3507 941 3572 vitam
957 3505 1150 3588 Thucydidis
1166 3506 1306 3588 scripsit,

82 3643 146 3708 qua
169 3640 248 3690 usus
272 3627 322 3687 eat
345 3625 379 3686 et
394 3615 587 3684 Plutarchus
610 3621 653 3697 et,
677 3621 849 3698 postquam
872 3620 906 3681 et
928 3614 1041 3681 exilior
1065 3618 1098 3680 et
1125 3613 1308 3680 mendosior

81 3731 169 3797 lacta
185 3734 246 3810 est,
270 3727 394 3811 Antylli
409 3723 661 3806 Marcellinique.
698 3742 716 3788 e
740 3723 875 3789 cncuitu
898 3723 939 3788 ad
962 3721 1110 3788 teredii.
1152 3739 1239 3803 sane,
1263 3723 1308 3786 mi

83 3837 216 3917 Maassi,
240 3835 387 3900 umbram
416 3835 604 3917 persecutus
633 3849 667 3896 es
697 3847 767 3896 oum
792 3828 1008 3912 Thucydidem
1032 3829 1167 3894 Aratum
1190 3827 1307 3894 Home-

83 3941 191 4028 rum³)
223 3942 265 4008 ad
292 3941 485 4008 Favorinum
512 3937 685 4005 revocasti:
715 3938 772 4003 sed
799 3937 833 4002 id
856 3941 944 4002 recto
970 3941 1003 4001 et
1030 3935 1168 4017 simplici
1190 3934 1307 4001 iudicio

83 4049 299 4061 --.---

155 4083 180 4149 ³)
202 4082 244 4136 Da
262 4080 373 4150 sibyllis
390 4097 445 4136 non
467 4079 571 4136 reticeo
592 4077 659 4132 mihi
677 4092 739 4132 cum
758 4081 871 4146 propter
891 4075 990 4132 Saldae
1009 4074 1232 4144 compositionem
1251 4081 1308 4130 tum

85 4177 235 4241 propterea
254 4167 327 4238 quod
340 4167 440 4226 Rufum
452 4167 486 4224 de
500 4166 610 4238 Sibyllie
627 4172 754 4224 accurate
767 4165 854 4235 egisse
866 4169 975 4221 constat
987 4180 1002 4219 e
1014 4162 1108 4220 Photii
1121 4161 1237 4234 Sopatro
1251 4161 1308 4219 reri
