3010 4866
234 199 275 264 68

232 379 356 460 graecis
390 377 592 461 minoribus']
627 377 668 442 de
702 377 847 442 Platonis
880 375 977 442 robus
1012 375 1127 458 gestis
1169 373 1223 438 ille
1257 371 1383 438 scholiis
1413 371 1438 433 in

231 485 428 549 Alcibiadem
459 486 611 567 primum,
641 484 693 549 hio
721 484 957 566 prolegomenis
985 485 1017 547 iu
1047 481 1283 565 philosophiam
1311 478 1439 544 Platonis

230 593 419 673 conscriptis
443 593 687 672 praemiserunt,
712 592 752 656 ad
770 591 1072 672 Neoplatouicorum
1095 589 1202 654 studia
1226 586 1439 652 transformata

230 707 318 776 sunt,
349 701 395 762 ita
422 700 550 780 quidem
580 705 616 763 ut
642 700 767 764 novicia
790 699 846 764 illa
877 698 1042 764 involucra
1076 697 1162 762 lacili
1194 696 1325 778 negotio
1348 694 1439 758 detm-
1494 749 1495 764 ,

228 805 355 870 hautur.
415 807 535 883 Quodsi
569 806 664 870 hodie
704 807 937 888 neglegcmtur,
975 805 1103 870 aliunde
1137 801 1359 884 explicandum
1391 803 1438 861 cst

229 913 404 994 ‘Uterquc'‚
429 915 529 994 aiunt,
556 913 729 978 ‘Laertium
746 914 919 994 descripsit
942 912 1061 996 [Zeller
1075 910 1118 976 11³
1140 931 1172 992 p.
1190 909 1280 992 337].
1304 904 1440 974 nonnulla

228 1019 336 1084 hausit
364 1039 404 1084 cx
434 1021 662 1102 Olympiodoro
696 1023 879 1102 anonymus
908 1019 964 1103 [ib.
989 1041 1019 1101 p.
1038 1018 1137 1102 3401‘.
1194 1016 1311 1082 l'ilitas
1344 1031 1440 1078 earum
1494 1079 1495 1096 η

228 1128 327 1208 igitur
362 1128 393 1190 iu
430 1148 467 1190 co
502 1129 609 1208 posita
641 1133 742 1206 esset,
778 1127 863 1208 quod
897 1127 1075 1207 penderent
1110 1145 1147 1188 cx
1176 1125 1334 1205 scriptore
1362 1120 1440 1186 nobis

225 1241 363 1299 serrato.
411 1235 501 1312 Quod
524 1235 655 1315 quidem
679 1254 750 1298 cum
774 1235 943 1300 nemodum
967 1233 1251 1309 demonstraverit,
1282 1231 1440 1295 etiamnum
1494 1229 1495 1294 ἶ

225 1347 275 1404 est
298 1341 394 1405 dubio
418 1343 598 1406 obnoxium.

313 1449 357 1513 Et
379 1450 515 1530 primum
539 1449 668 1530 quidem
689 1485 735 1496 -
758 1455 794 1514 ut
817 1467 884 1512 rem
912 1447 1113 1530 exploremus
1139 1483 1179 1492 -
1207 1443 1441 1526 olympiodorus
1494 1427 1495 1508 λ

224 1554 270 1618 de
294 1556 477 1620 Platonis
501 1557 585 1620 vita
606 1573 768 1636 nunquam
792 1557 946 1620 excitavit
970 1561 1133 1632 auctorcs3
1170 1555 1197 1616 si
1221 1571 1302 1634 quos
1325 1551 1440 1624 excitat,

225 1669 367 1727 autnon
391 1663 433 1726 ad
462 1664 561 1727 vitam
596 1663 738 1742 respexit
768 1667 824 1726 aut
847 1663 950 1744 ipsius
974 1662 1118 1728 Platonis
1141 1660 1286 1724 laudavit
1309 1658 1442 1736 dialogos
1494 1643 1495 1682 ³

225 1771 424 1852 maximeque
449 1788 514 1848 eos,
539 1789 619 1851 quos
643 1770 783 1850 propriis
806 1770 960 1834 instruxit
983 1769 1234 1846 commentariis¹
1260 1767 1347 1831 velut
1369 1763 1442 1830 llei-

229 1876 356 1941 biadem
381 1873 447 1958 1⁷⁰)
476 1883 509 1940 et
540 1873 755 1958 Gorgiam²¹t
784 1913 830 1924 -·-
859 1877 908 1940 De
937 1877 1033 1941 rebus
1062 1896 1081 1940 a
1110 1875 1255 1940 Platonis
1289 1873 1355 1938 vita
1386 1871 1443 1935 dis-

224 1985 341 2048 iunctis
352 1989 419 2048 trcs
429 1989 531 2048 testes
541 1985 582 2049 ab
590 1984 817 2066 Olympiodoro
828 1982 1056 2064 producuntur,
1070 1987 1104 2046 et
1113 1981 1238 2046 Aristi
1247 1981 1313 2046 des
1325 1979 1442 2063 quidem

220 2091 355 2156 rhetor
385 2111 447 2156 non
477 2093 546 2155 sine
570 2093 673 2156 ironia
696 2111 726 2172 p.
745 2093 780 2170 3,
807 2093 826 2154 5
852 2111 929 2172 sqq:
960 2089 1122 2152 στέλλεται
1151 2095 1205 2152 καὶ
1233 2091 1279 2162 τίς
1301 2087 1443 2152 Σικελίαν

222 2195 424 2280 θεασόμενος
446 2201 520 2272 τούς
542 2207 703 2284 κρατῆρας
725 2205 782 2264 τοῦ
810 2197 911 2282 πυρὸς
933 2198 970 2261 ἐν
992 2202 1027 2286 τῇ
1049 2199 1167 2282 Αἴτνη,
1194 2202 1249 2258 καὶ
1273 2191 1311 2260 οὗ
1333 2193 1444 2258 Σικελι-

222 2304 277 2387 κῆς
292 2306 443 2389 τραπέζης
459 2303 565 2390 χάριν,
586 2303 611 2368 ὦ
630 2319 791 2386 γενναῖε
807 2302 1038 2389 Ἀριστείδη,
1062 2303 1105 2378 ὡς
1120 2303 1157 2368 σύ
1173 2327 1235 2390 φης
1251 2309 1284 2368 et
1299 2323 1329 2386 p.
1344 2303 1373 2382 3,
1389 2301 1442 2364 lo:

221 2413 294 2492 περὶ
318 2407 357 2476 οὗ
380 2412 434 2496 [de
452 2413 656 2496 Anniceridc]
674 2419 728 2476 καὶ
746 2413 939 2498 Ἀριστείδης
956 2417 1063 2496 φησίν,
1080 2409 1127 2476 ὅτι
1143 2407 1247 2484 οὐδεὶς
1263 2411 1444 2491 ἐγίγνωσκεν

222 2519 265 2582 ἄν
279 2515 466 2603 Ἀννίκεριν,
490 2522 519 2582 εἰ
540 2520 582 2605 μη
603 2517 765 2584 Πλάτωνα
789 2521 935 2602 ἐπρίατο.
968 2519 1128 2583 Aristides
1144 2520 1227 2584 enim
1253 2523 1443 2584 cumcontra

223 2627 374 2708 Gorgiam
406 2627 620 2704 Platonicum,
652 2647 714 2709 quo
745 2628 785 2691 iis
813 2627 867 2708 qui
897 2645 1002 2690 coram
1032 2626 1150 2706 populo
1179 2625 1277 2690 verba
1309 2625 1444 2689 lacerent

222 2735 413 2814 praesertim
438 2735 576 2798 Miltiadi
600 2735 804 2798 Themistocli
833 2733 956 2798 Cimoni
979 2733 1096 2796 Pericli
1120 2751 1226 2797 remur
1250 2733 1442 2814 publicarum

221 2841 350 2905 inscitia
374 2841 595 2922 exprobratur,
619 2862 678 2922 pro
696 2842 927 2923 quattuorviris
952 2840 1015 2904 illis
1033 2841 1239 2920 declamaret,
1263 2859 1302 2904 co
1321 2839 1442 2922 potissi-

221 2967 307 3012 mum
335 2947 544 3028 efferbuerat,
574 2950 660 3030 quod
691 2951 785 3013 istam
814 2953 978 3014 oratorum
1009 2949 1169 3012 inscitiam
1192 2947 1346 3012 Mithaeci
1375 2952 1443 3028 περὶ

222 3052 399 3140 ὀψοποιίας
422 3057 589 3137 scriptoris
613 3057 646 3120 in
669 3063 740 3120 arte
764 3057 910 3137 gymnica
933 3057 1136 3136 ignorantiae
1159 3055 1245 3119 haud
1270 3055 1442 3120 absimilem

221 3163 314 3228 Plato
331 3164 466 3228 dixisset
483 3163 595 3246 [Gorg.
621 3183 650 3244 p.
667 3167 731 3226 ale
744 3163 793 3245 BJ.
830 3163 943 3244 ltaque
961 3163 1008 3226 sic
1024 3181 1130 3228 coram
1148 3163 1283 3228 Platone
1302 3169 1443 3227 oratores

221 3271 389 3352 loquentes
413 3271 492 3336 lacit
514 3291 545 3351 p.
563 3273 643 3334 ⁵229:
668 3270 779 3353 ἐπειδὴ
807 3269 919 3333 δὲκαὶ
943 3273 1103 3356 Μιίλαίκῳ
1127 3267 1343 3354 προσεικάζεις
1368 3265 1444 3353 ἡμᾶς

292 3515 328 3585 ⁷⁰)
346 3533 372 3584 p.
392 3517 417 3582 λ,
436 3519 453 3570 ‘2
472 3519 518 3570 καί
538 3514 551 3568 ὀ
574 3515 739 3585 Ἀλκιβιάδης
761 3518 790 3568 δὲ
816 3514 878 3585 παρ’
903 3515 974 3584 αὐτῷ
997 3517 1029 3570 τὰ
1053 3523 1113 3586 τρία
1132 3518 1214 3570 ταῦτα
1238 3523 1363 3586 quirem
1386 3537 1443 3570 τοι·

221 3607 340 3666 διαθείς·
360 3607 404 3658 διὸ
423 3611 468 3658 καί
488 3625 552 3674 ηησο
570 3607 637 3675 πρὸς
655 3607 736 3658 αὐτὸν
754 3607 897 3676 Σωκράτης
917 3606 1015 3659 ἀὐλεῖν
1033 3609 1062 3659 δι’
1083 3606 1130 3659 οὐκ
1149 3607 1265 3676 dssodloo'
1288 3613 1343 3662 κτλ.
1381 3607 1443 3674 Qui·

221 3695 333 3748 bnscum
347 3693 543 3760 comparandus
554 3710 648 3747 comm.
659 3695 686 3746 in
698 3695 777 3748 Alcl
792 3695 923 3764 [Creuzer
937 3695 1025 3748 'initia
1037 3695 1227 3764 philosophiae
1241 3705 1270 3750 ct
1284 3695 1442 3766 theologiuc'

220 3783 247 3836 ll
266 3800 292 3851 p.
315 3783 371 3852 ll]:
393 3782 560 3836 δεικνύουσιν
583 3777 631 3836 οὖν
651 3784 696 3836 τὸν
713 3783 888 3852 Ἀλκιβιάδην,
914 3782 949 3843 ὡς
969 3789 1078 3854 εἴρηται,
1102 3785 1167 3857 μήτε
1190 3787 1253 3839 καθ’
1277 3787 1324 3840 ἕνα
1349 3787 1443 3858 τρόπον

220 3873 320 3944 γνόντα
339 3873 369 3924 τὰ
389 3873 509 3926 πολιτικά
524 3871 647 3944 ..μόνον
667 3874 721 3944 γὰρ
740 3871 889 3946 γράμματα
908 3877 954 3928 καὶ
975 3875 1107 3946 μουσικὴν
1125 3878 1170 3928 καί
1192 3879 1316 3930 παλαίειν
1335 3881 1441 3948 ἔμαθον.

292 3959 330 4029 71)
347 3977 373 4028 p.
393 3963 417 4027 4,
437 3963 453 4016 3
473 3961 516 4015 διὸ
537 3965 582 4015 καὶ
601 3967 629 4014 ἐν
648 3969 749 4032 Γοργίᾳ
768 3970 850 4031 ηησίν
867 3966 920 4017 κτλ.
941 3965 984 4018 διὸ
1004 3957 1086 4016 καλ..
1101 3965 1125 4026 2,
1145 3966 1170 4019 3·
1189 3967 1215 4032 4,
1228 3967 1253 4020 3.
1276 3969 1316 4020 ll·
1348 3967 1442 4020 &aare

222 4065 291 4115 quae
311 4049 344 4102 ad
364 4049 487 4104 Platonis
506 4051 627 4119 dialogos
646 4059 770 4118 spectant
794 4059 885 4104 utrum
905 4053 939 4106 ad
959 4053 1034 4106 illurn
1054 4069 1087 4107 an
1107 4053 1140 4107 ad
1160 4051 1262 4108 lentem
1282 4053 1441 4120 referantur,

221 4137 276 4192 dici
295 4138 414 4192 nondum
433 4145 533 4206 potest.
