3010 4866
263 382 429 452 Apuleius
909 381 1069 438 Laertius

57 503 173 567 Mense
194 500 294 566 etiam
317 499 382 588 qui
404 499 498 588 apud
517 497 644 564 Atticos
698 505 752 564 καὶ
777 504 900 583 γίνεται
928 497 1082 584 Πλάτων,
1114 495 1156 578 ὥς
1185 519 1283 588 φησιν

62 608 266 695 Thargeleon
303 606 431 674 dicetur
463 612 564 672 natus
597 611 646 672 est
691 603 989 694 Ἀπολλόδωρος
1011 605 1051 673 ἐν
1074 611 1284 694 Χρονικοτς

55 714 108 780 die
140 738 209 802 qua
236 716 331 802 opud
355 714 483 780 Delum
513 714 642 778 Latona
698 711 797 803 ύγύύη
814 715 868 780 καὶ
883 709 1282 802 ύγύοηιιύστηὈλνγιπιάύι

52 822 177 906 fertur
203 820 395 909 Apollinem
424 819 644 907 Dianamque
699 823 926 908 Θαργηλιῶνος
960 818 1096 910 ἑβδόμη,
1129 825 1208 886 καθ’
1242 818 1283 906 ἢν

52 928 224 1015 peperisse.
250 979 302 996 ...
697 928 812 1014 Δήλιοι
833 925 894 996 τύν
911 923 1107 996 Ἀπόλλωνα
1123 932 1282 1010 γενέσθαι

697 1041 814 1122 φασίν·

55 1139 233 1206 Somnium
274 1140 374 1206 etiam
411 1139 545 1208 Sacrati
579 1139 641 1206 sci·
696 1143 788 1208 1115
817 1142 944 1222 λέγεται
974 1143 1006 1210 δ’
1033 1139 1083 1210 ὅτι
1112 1141 1282 1230 Σωκράτης

55 1251 126 1311 tum
139 1246 281 1332 serunt.
320 1246 414 1312 Nam
435 1245 557 1313 vidisse
578 1245 645 1312 sibi
696 1250 779 1336 ὄναρ
802 1249 868 1314 aas
883 1245 998 1316 κύκνον
1014 1247 1146 1316 νεοττὸν
1160 1248 1198 1315 ἐν
1216 1259 1282 1325 τοϊς

57 1353 99 1437 [p.
126 1354 183 1438 64]
205 1352 302 1418 αιἐπε
323 1359 373 1419 est
391 1351 496 1440 cygni
502 1355 641 1440 pullum
695 1353 832 1436 γόνασιν
847 1355 938 1437 ἔχων,
957 1353 997 1424 la
1012 1357 1067 1421 καὶ
1082 1353 1283 1442 παραχρῆμα

55 1480 96 1524 ex
128 1459 239 1524 altari
268 1461 359 1546 quod
389 1458 428 1524 in
461 1459 642 1526 Academia
696 1459 966 1549 πτεροφυήσαντα
998 1459 1187 1549 ἀναπτῆναι
1220 1457 1282 1548 ἦύύ

58 1563 224 1652 Cupidini
253 1571 477 1631 emasecratum
509 1571 558 1632 est
588 1587 642 1632 νο·
696 1569 883 1650 κλάγξαντα
928 1569 983 1634 καλ
1029 1571 1113 1654 μεθ’
1158 1566 1283 1654 ἡμέραν

56 1671 139 1738 lasse
171 1677 203 1737 et
228 1671 267 1737 in
295 1671 370 1737 eius
398 1671 532 1759 gremia
560 1695 642 1739 rase-
699 1675 860 1741 Πλάτωνα
894 1671 982 1764 αύτῷ
1019 1678 1188 1760 σαπῆναι·
1222 1674 1283 1742 τύν

56 1777 140 1844 disse
176 1784 210 1844 at
240 1783 354 1865 postea
388 1779 509 1845 olorem
542 1779 641 1846 illum
696 1782 731 1848 δὲ
751 1783 864 1850 τοῦτον
879 1785 984 1850 εἰπεῖν
999 1785 1084 1850 εἶναι
1099 1783 1158 1849 τύν
1177 1784 1281 1870 ὄρνιν·

52 1883 174 1968 pennis
210 1885 334 1950 coelum
366 1883 488 1972 petisse
523 1907 643 1952 canore

57 1989 180 2055 musico
209 1990 351 2056 aude‘tus
372 1992 547 2060 lominum
570 1995 642 2059 deo·

56 2115 197 2183 rumque
226 2097 430 2164 mulcentem.
478 2101 561 2166 Cum
583 2101 643 2166 hoc

57 2201 202 2268 Sacram
220 2201 259 2269 in
282 2210 443 2270 conventu
465 2205 640 2272 lemnanum

58 2307 205 2391 referret,
229 2306 348 2376 Aristo
368 2311 541 2378 Platonem
558 2319 641 2400 pue·

58 2433 133 2477 rum
164 2415 338 2482 ablaturus
368 2417 502 2485 Sacrati
532 2418 641 2506 magi·

56 2523 121 2584 stro
169 2523 333 2588 commoda
372 2525 640 2610 prosequebatur.

59 2625 162 2709 Quem
192 2627 253 2692 ubi
276 2627 431 2714 adspexit
462 2628 520 2696 ille
546 2629 641 2718 inge-

57 2729 216 2818 niumque
239 2731 399 2799 intimum
422 2735 461 2800 de
477 2735 642 2804 exteriore

56 2837 246 2924 ampuatus
289 2839 384 2924 [corr.
421 2840 457 2907 Ο.
493 2842 638 2909 ,Iahnius

59 2945 279 3028 ‘conspicatus'
321 2947 427 3032 codd]
465 2953 514 3013 est
542 2948 641 3032 faeie

59 3048 119 3114 ιΙιίτ
146 3049 203 3115 ille
231 3057 320 3126 aral,
353 3051 478 3128 amici,
515 3053 638 3142 e'nquit,

60 3155 105 3219 ‘de
115 3155 296 3222 Academia
304 3157 640 3246 Cupidinescygnus'.

59 3261 96 3326 IL
133 3264 193 3328 Ex
253 3261 371 3330 iisdem
429 3263 642 3352 gene'ton'tus
695 3263 750 3347 §4
774 3261 845 3346 ἔσχε
867 3263 902 3328 δ’
924 3261 1086 3350 ἀδελφούς
1106 3255 1280 3346 ’Λύελγιαν-

62 3367 207 3435 δύστανε
228 3375 261 3436 et
283 3369 492 3438 Adimantus
513 3371 640 3460 cisra·
694 3391 751 3437 τον
774 3369 829 3434 καλ
853 3366 1028 3435 Γλαύκωνα
1050 3367 1105 3433 καλ
1132 3366 1280 3455 ἀδελφὴν

60 3477 121 3538 tres
141 3475 306 3560 suerunt,
345 3479 488 3544 doctores
524 3478 643 3546 habuit
697 3473 858 3563 Ποτύνην,
882 3475 917 3556 ἐξ
938 3470 975 3563 ἧς
997 3471 1038 3564 η*ν
1057 3473 1277 3550 Σπεύσιππος·
1384 3559 1392 3580 x

62 3578 96 3643 in
126 3581 242 3667 prima
280 3581 473 3650 litteratura
508 3585 639 3674 Diony·
694 3583 748 3648 καλ
785 3581 968 3669 ἐπαιδεύθη
1005 3585 1065 3666 μὲν
1102 3579 1279 3669 γράμματα

61 3683 145 3752 sium
174 3695 211 3754 at
243 3688 283 3754 in
311 3691 482 3776 palaestra
508 3692 640 3758 Aristo·
694 3687 786 3777 παρά
811 3691 990 3776 Διονοσλερ,
1019 3683 1060 3755 ού
1082 3688 1137 3753 καὶ
1158 3712 1279 3775 μνημο-

63 3812 131 3857 nem
155 3794 266 3882 Argea
292 3795 489 3873 monadum,
519 3804 640 3864 tantos-
694 3795 778 3864 νεύει
808 3795 849 3861 ἐν
871 3805 955 3872 τοϊς
979 3791 1277 3882 Ἀντερασταῖς·

62 3917 119 3980 que
150 3907 354 3988 progressus
379 3903 571 3970 exercitatio
608 3903 643 3970 ei
694 3903 896 3990 ἐγυμνάσατο
930 3899 967 3966 δὲ
1000 3903 1078 3990 παρ’
1111 3897 1278 3989 Ἀρίστωνι

63 4005 203 4081 contulit,
233 4013 274 4073 ut
293 4009 419 4096 Pyllu'a
448 4015 480 4076 et
499 4009 639 4078 Istlmia
693 4016 738 4097 τῷ
753 4005 885 4097 ’Λργεληο
908 4007 1139 4100 παλαιστῇκ..
1165 4009 1225 4073 alal
1247 4009 1277 4074 δ’

62 4107 98 4172 de
122 4111 207 4178 lueto
245 4113 430 4180 certaverit.
481 4115 641 4182 Picturae
695 4121 730 4182 ot
755 4120 810 4181 καλ
842 4115 1008 4182 uolutant
1041 4131 1144 4202 φασιν
1178 4109 1279 4182 αύτύν
