<?xml version="1.0" encoding="UTF-8"?>
<!DOCTYPE html PUBLIC "-//W3C//DTD XHTML 1.0 Transitional//EN"
    "http://www.w3.org/TR/xhtml1/DTD/xhtml1-transitional.dtd">
<html xmlns="http://www.w3.org/1999/xhtml" xml:lang="en" lang="en">
 <head>
  <title>
</title>
<meta http-equiv="Content-Type" content="text/html;charset=utf-8" />
  <meta name='ocr-system' content='tesseract 3.04.00' />
  <meta name='ocr-capabilities' content='ocr_page ocr_carea ocr_par ocr_line ocrx_word'/>
</head>
<body>
  <div class='ocr_page' id='page_1' title='image "./philologischeun00maasgoog/philologischeun00maasgoog_0385.png"; bbox 0 0 3010 4866; ppageno 0'>
   <div class='ocr_carea' id='block_1_1' title="bbox 585 1186 1052 1270">
    <p class='ocr_par' dir='ltr' id='par_1_1' title="bbox 585 1186 1052 1270">
     <span class='ocr_line' id='line_1_1' title="bbox 585 1186 1052 1270; baseline -0.006 -17"><span class='ocrx_word' id='word_1_1' title='bbox 585 1188 616 1253; x_wconf 92' lang='grc' dir='ltr'>Ι.</span> <span class='ocrx_word' id='word_1_2' title='bbox 652 1187 705 1254; x_wconf 87' lang='lat' dir='ltr'>De</span> <span class='ocrx_word' id='word_1_3' title='bbox 728 1186 855 1254; x_wconf 85' lang='lat' dir='ltr'>Diocle</span> <span class='ocrx_word' id='word_1_4' title='bbox 877 1187 1052 1270; x_wconf 74' lang='lat' dir='ltr'>lugnole.</span> 
     </span>
    </p>
   </div>
   <div class='ocr_carea' id='block_1_2' title="bbox 202 1364 1497 3914">
    <p class='ocr_par' dir='ltr' id='par_1_2' title="bbox 202 1364 1497 3914">
     <span class='ocr_line' id='line_1_2' title="bbox 291 1364 1497 1476; baseline -0.002 -46"><span class='ocrx_word' id='word_1_5' title='bbox 291 1367 467 1430; x_wconf 80' lang='lat' dir='ltr'>ductorum</span> <span class='ocrx_word' id='word_1_6' title='bbox 482 1384 563 1446; x_wconf 87' lang='lat' dir='ltr'>quos</span> <span class='ocrx_word' id='word_1_7' title='bbox 578 1365 755 1430; x_wconf 85' lang='lat' dir='ltr'>nominarit</span> <span class='ocrx_word' id='word_1_8' title='bbox 770 1365 982 1446; x_wconf 82' lang='lat' dir='ltr'>paucissimos</span> <span class='ocrx_word' id='word_1_9' title='bbox 1012 1365 1191 1448; x_wconf 81' lang='lat' dir='ltr'>inspexisse</span> <span class='ocrx_word' id='word_1_10' title='bbox 1208 1367 1313 1447; x_wconf 88' lang='lat' dir='ltr'>ipsum</span> <span class='ocrx_word' id='word_1_11' title='bbox 1330 1364 1426 1429; x_wconf 86' lang='lat' dir='ltr'>Laer-</span> <span class='ocrx_word' id='word_1_12' title='bbox 1493 1397 1497 1476; x_wconf 39' lang='grc' dir='ltr'><strong><em>μ</em></strong></span> 
     </span>
     <span class='ocr_line' id='line_1_3' title="bbox 202 1471 1429 1554; baseline -0.004 -15"><span class='ocrx_word' id='word_1_13' title='bbox 202 1475 283 1539; x_wconf 86' lang='lat' dir='ltr'>tium</span> <span class='ocrx_word' id='word_1_14' title='bbox 317 1492 388 1538; x_wconf 93' lang='lat' dir='ltr'>cum</span> <span class='ocrx_word' id='word_1_15' title='bbox 412 1472 506 1537; x_wconf 89' lang='lat' dir='ltr'>lacile</span> <span class='ocrx_word' id='word_1_16' title='bbox 529 1479 710 1537; x_wconf 85' lang='lat' dir='ltr'>ceterorum</span> <span class='ocrx_word' id='word_1_17' title='bbox 734 1473 891 1536; x_wconf 88' lang='lat' dir='ltr'>eiusmodi</span> <span class='ocrx_word' id='word_1_18' title='bbox 914 1471 1069 1537; x_wconf 87' lang='lat' dir='ltr'>librorum</span> <span class='ocrx_word' id='word_1_19' title='bbox 1094 1473 1332 1554; x_wconf 80' lang='lat' dir='ltr'>comparatione</span> <span class='ocrx_word' id='word_1_20' title='bbox 1355 1489 1429 1535; x_wconf 91' lang='lat' dir='ltr'>con·</span> 
     </span>
     <span class='ocr_line' id='line_1_4' title="bbox 203 1579 1429 1663; baseline -0.002 -19"><span class='ocrx_word' id='word_1_21' title='bbox 203 1585 279 1660; x_wconf 85' lang='lat' dir='ltr'>stat,</span> <span class='ocrx_word' id='word_1_22' title='bbox 304 1581 344 1645; x_wconf 89' lang='lat' dir='ltr'>de</span> <span class='ocrx_word' id='word_1_23' title='bbox 367 1599 432 1663; x_wconf 89' lang='lat' dir='ltr'>qua</span> <span class='ocrx_word' id='word_1_24' title='bbox 454 1579 589 1644; x_wconf 77' lang='lat' dir='ltr'>inferius</span> <span class='ocrx_word' id='word_1_25' title='bbox 617 1579 786 1644; x_wconf 92' lang='lat' dir='ltr'>dicendum</span> <span class='ocrx_word' id='word_1_26' title='bbox 818 1586 885 1649; x_wconf 87' lang='lat' dir='ltr'>est.</span> <span class='ocrx_word' id='word_1_27' title='bbox 915 1585 983 1644; x_wconf 91' lang='lat' dir='ltr'>tum</span> <span class='ocrx_word' id='word_1_28' title='bbox 1014 1581 1122 1662; x_wconf 91' lang='lat' dir='ltr'>ampla</span> <span class='ocrx_word' id='word_1_29' title='bbox 1152 1579 1429 1661; x_wconf 79' lang='lat' dir='ltr'><strong>argumentatione</strong></span> 
     </span>
     <span class='ocr_line' id='line_1_5' title="bbox 204 1685 1433 1772; baseline -0.004 -19"><span class='ocrx_word' id='word_1_30' title='bbox 204 1687 405 1754; x_wconf 86' lang='lat' dir='ltr'>Bahnschius</span> <span class='ocrx_word' id='word_1_31' title='bbox 433 1685 644 1752; x_wconf 85' lang='lat' dir='ltr'>confirmarit.</span> <span class='ocrx_word' id='word_1_32' title='bbox 695 1687 817 1752; x_wconf 80' lang='lat' dir='ltr'>Dioclis</span> <span class='ocrx_word' id='word_1_33' title='bbox 844 1687 1006 1770; x_wconf 79' lang='lat' dir='ltr'>Magnetis</span> <span class='ocrx_word' id='word_1_34' title='bbox 1036 1688 1211 1772; x_wconf 69' lang='grc' dir='ltr'><strong><em>ἐπιδρομὴν</em></strong></span> <span class='ocrx_word' id='word_1_35' title='bbox 1244 1685 1433 1772; x_wconf 68' lang='grc' dir='ltr'><strong><em>ιγ-ιλοαὶφαν</em></strong></span> 
     </span>
     <span class='ocr_line' id='line_1_6' title="bbox 202 1793 1434 1879; baseline -0.004 -17"><span class='ocrx_word' id='word_1_36' title='bbox 202 1799 272 1879; x_wconf 90' lang='lat' dir='ltr'>ipse</span> <span class='ocrx_word' id='word_1_37' title='bbox 300 1797 397 1878; x_wconf 86' lang='lat' dir='ltr'>idque</span> <span class='ocrx_word' id='word_1_38' title='bbox 424 1801 655 1877; x_wconf 88' lang='lat' dir='ltr'>-quatenus</span> <span class='ocrx_word' id='word_1_39' title='bbox 688 1795 793 1859; x_wconf 88' lang='lat' dir='ltr'>adhuc</span> <span class='ocrx_word' id='word_1_40' title='bbox 828 1795 989 1876; x_wconf 88' lang='lat' dir='ltr'>cognitum</span> <span class='ocrx_word' id='word_1_41' title='bbox 1022 1803 1073 1860; x_wconf 91' lang='lat' dir='ltr'>est</span> <span class='ocrx_word' id='word_1_42' title='bbox 1102 1832 1140 1841; x_wconf 91' lang='lat'>—</span> <span class='ocrx_word' id='word_1_43' title='bbox 1171 1795 1259 1860; x_wconf 91' lang='lat' dir='ltr'>solus</span> <span class='ocrx_word' id='word_1_44' title='bbox 1293 1799 1326 1859; x_wconf 89' lang='lat' dir='ltr'>et</span> <span class='ocrx_word' id='word_1_45' title='bbox 1352 1793 1434 1874; x_wconf 90' lang='lat' dir='ltr'>legit</span> 
     </span>
     <span class='ocr_line' id='line_1_7' title="bbox 204 1901 1432 1985; baseline -0.004 -16"><span class='ocrx_word' id='word_1_46' title='bbox 204 1909 238 1969; x_wconf 91' lang='lat' dir='ltr'>et</span> <span class='ocrx_word' id='word_1_47' title='bbox 261 1903 430 1985; x_wconf 70' lang='lat' dir='ltr'>excerpsit</span> <span class='ocrx_word' id='word_1_48' title='bbox 478 1903 527 1966; x_wconf 79' lang='lat' dir='ltr'>Ad</span> <span class='ocrx_word' id='word_1_49' title='bbox 549 1901 681 1966; x_wconf 79' lang='lat' dir='ltr'>verbum</span> <span class='ocrx_word' id='word_1_50' title='bbox 706 1903 790 1966; x_wconf 91' lang='lat' dir='ltr'>enim</span> <span class='ocrx_word' id='word_1_51' title='bbox 814 1921 853 1966; x_wconf 84' lang='lat' dir='ltr'>ex</span> <span class='ocrx_word' id='word_1_52' title='bbox 875 1903 988 1967; x_wconf 91' lang='lat' dir='ltr'>Diocle</span> <span class='ocrx_word' id='word_1_53' title='bbox 1016 1921 1086 1966; x_wconf 90' lang='lat' dir='ltr'>cum</span> <span class='ocrx_word' id='word_1_54' title='bbox 1115 1901 1192 1966; x_wconf 89' lang='lat' dir='ltr'>alibi</span> <span class='ocrx_word' id='word_1_55' title='bbox 1215 1901 1337 1966; x_wconf 82' lang='lat' dir='ltr'>latetur</span> <span class='ocrx_word' id='word_1_56' title='bbox 1364 1907 1432 1965; x_wconf 89' lang='lat' dir='ltr'>tum</span> 
     </span>
     <span class='ocr_line' id='line_1_8' title="bbox 203 2007 1434 2090; baseline -0.003 -14"><span class='ocrx_word' id='word_1_57' title='bbox 203 2013 236 2076; x_wconf 90' lang='lat' dir='ltr'>in</span> <span class='ocrx_word' id='word_1_58' title='bbox 267 2009 404 2076; x_wconf 87' lang='lat' dir='ltr'>Zenonis</span> <span class='ocrx_word' id='word_1_59' title='bbox 431 2011 499 2073; x_wconf 81' lang='lat' dir='ltr'>rita</span> <span class='ocrx_word' id='word_1_60' title='bbox 523 2007 582 2073; x_wconf 83' lang='lat' dir='ltr'>VII</span> <span class='ocrx_word' id='word_1_61' title='bbox 606 2009 649 2072; x_wconf 75' lang='lat'>48</span> <span class='ocrx_word' id='word_1_62' title='bbox 677 2009 855 2090; x_wconf 83' lang='lat' dir='ltr'>longiorem</span> <span class='ocrx_word' id='word_1_63' title='bbox 883 2010 923 2074; x_wconf 91' lang='lat' dir='ltr'>de</span> <span class='ocrx_word' id='word_1_64' title='bbox 947 2009 1126 2074; x_wconf 88' lang='lat' dir='ltr'>Stoicorum</span> <span class='ocrx_word' id='word_1_65' title='bbox 1156 2009 1295 2074; x_wconf 83' lang='lat' dir='ltr'>decretis</span> <span class='ocrx_word' id='word_1_66' title='bbox 1324 2007 1434 2089; x_wconf 91' lang='lat' dir='ltr'>dispu-</span> 
     </span>
     <span class='ocr_line' id='line_1_9' title="bbox 204 2114 1432 2199; baseline -0.002 -16"><span class='ocrx_word' id='word_1_67' title='bbox 204 2119 359 2183; x_wconf 88' lang='lat' dir='ltr'>tationem</span> <span class='ocrx_word' id='word_1_68' title='bbox 384 2136 419 2181; x_wconf 90' lang='lat' dir='ltr'>se</span> <span class='ocrx_word' id='word_1_69' title='bbox 447 2114 755 2199; x_wconf 87' lang='lat' dir='ltr'>transscripsisse²).</span> <span class='ocrx_word' id='word_1_70' title='bbox 803 2117 896 2182; x_wconf 90' lang='lat' dir='ltr'>Hunc</span> <span class='ocrx_word' id='word_1_71' title='bbox 922 2119 1023 2198; x_wconf 88' lang='lat' dir='ltr'>igitur</span> <span class='ocrx_word' id='word_1_72' title='bbox 1050 2117 1193 2182; x_wconf 89' lang='lat' dir='ltr'>Dioclem</span> <span class='ocrx_word' id='word_1_73' title='bbox 1223 2115 1432 2181; x_wconf 80' lang='lat' dir='ltr'>Nietaschens</span> 
     </span>
     <span class='ocr_line' id='line_1_10' title="bbox 204 2223 1432 2306; baseline -0.004 -16"><span class='ocrx_word' id='word_1_74' title='bbox 204 2225 358 2306; x_wconf 85' lang='lat' dir='ltr'>Diogenis</span> <span class='ocrx_word' id='word_1_75' title='bbox 381 2225 589 2305; x_wconf 86' lang='lat' dir='ltr'>praecipuum</span> <span class='ocrx_word' id='word_1_76' title='bbox 612 2223 712 2288; x_wconf 87' lang='lat' dir='ltr'>luisse</span> <span class='ocrx_word' id='word_1_77' title='bbox 740 2229 904 2288; x_wconf 82' lang='lat' dir='ltr'>auctorem</span> <span class='ocrx_word' id='word_1_78' title='bbox 934 2224 1172 2289; x_wconf 79' lang='lat' dir='ltr'>demonstrasse</span> <span class='ocrx_word' id='word_1_79' title='bbox 1200 2223 1262 2288; x_wconf 87' lang='lat' dir='ltr'>sibi</span> <span class='ocrx_word' id='word_1_80' title='bbox 1290 2223 1432 2288; x_wconf 82' lang='lat' dir='ltr'>videtur:</span> 
     </span>
     <span class='ocr_line' id='line_1_11' title="bbox 205 2329 1432 2414; baseline -0.002 -18"><span class='ocrx_word' id='word_1_81' title='bbox 205 2331 281 2396; x_wconf 93' lang='lat' dir='ltr'>inde</span> <span class='ocrx_word' id='word_1_82' title='bbox 304 2329 435 2396; x_wconf 84' lang='lat' dir='ltr'>duxisse</span> <span class='ocrx_word' id='word_1_83' title='bbox 459 2331 621 2411; x_wconf 82' lang='lat' dir='ltr'>ingentem</span> <span class='ocrx_word' id='word_1_84' title='bbox 645 2331 732 2395; x_wconf 89' lang='lat' dir='ltr'>illam</span> <span class='ocrx_word' id='word_1_85' title='bbox 757 2331 878 2396; x_wconf 76' lang='lat' dir='ltr'>[nertii</span> <span class='ocrx_word' id='word_1_86' title='bbox 906 2331 1085 2397; x_wconf 87' lang='lat' dir='ltr'>doctrinam</span> <span class='ocrx_word' id='word_1_87' title='bbox 1113 2333 1282 2414; x_wconf 86' lang='lat' dir='ltr'>integram.</span> <span class='ocrx_word' id='word_1_88' title='bbox 1330 2329 1432 2408; x_wconf 88' lang='lat' dir='ltr'>Quam</span> 
     </span>
     <span class='ocr_line' id='line_1_12' title="bbox 205 2435 1434 2520; baseline -0.002 -18"><span class='ocrx_word' id='word_1_89' title='bbox 205 2437 398 2503; x_wconf 81' lang='lat' dir='ltr'>sententiam</span> <span class='ocrx_word' id='word_1_90' title='bbox 422 2439 450 2502; x_wconf 89' lang='lat' dir='ltr'>si</span> <span class='ocrx_word' id='word_1_91' title='bbox 474 2437 546 2520; x_wconf 89' lang='lat' dir='ltr'>quis</span> <span class='ocrx_word' id='word_1_92' title='bbox 570 2437 752 2519; x_wconf 83' lang='lat' dir='ltr'>expendere</span> <span class='ocrx_word' id='word_1_93' title='bbox 775 2439 863 2517; x_wconf 71' lang='lat' dir='ltr'>velit,</span> <span class='ocrx_word' id='word_1_94' title='bbox 888 2437 918 2502; x_wconf 94' lang='lat' dir='ltr'>ei</span> <span class='ocrx_word' id='word_1_95' title='bbox 942 2438 1140 2502; x_wconf 91' lang='lat' dir='ltr'>redeundum</span> <span class='ocrx_word' id='word_1_96' title='bbox 1164 2443 1216 2502; x_wconf 91' lang='lat' dir='ltr'>est</span> <span class='ocrx_word' id='word_1_97' title='bbox 1238 2437 1280 2502; x_wconf 88' lang='lat' dir='ltr'>ad</span> <span class='ocrx_word' id='word_1_98' title='bbox 1294 2435 1434 2502; x_wconf 91' lang='lat' dir='ltr'>Zenonis</span> 
     </span>
     <span class='ocr_line' id='line_1_13' title="bbox 204 2543 1434 2628; baseline -0.001 -19"><span class='ocrx_word' id='word_1_99' title='bbox 204 2545 319 2624; x_wconf 81' lang='lat' dir='ltr'>uitam,</span> <span class='ocrx_word' id='word_1_100' title='bbox 350 2563 445 2628; x_wconf 89' lang='lat' dir='ltr'>quam</span> <span class='ocrx_word' id='word_1_101' title='bbox 477 2545 686 2610; x_wconf 73' lang='lat' dir='ltr'>Nietzschens</span> <span class='ocrx_word' id='word_1_102' title='bbox 709 2547 801 2628; x_wconf 88' lang='lat' dir='ltr'>quasi</span> <span class='ocrx_word' id='word_1_103' title='bbox 838 2543 1056 2610; x_wconf 88' lang='lat' dir='ltr'>firmissimum</span> <span class='ocrx_word' id='word_1_104' title='bbox 1087 2543 1329 2610; x_wconf 80' lang='lat' dir='ltr'>tundamentum</span> <span class='ocrx_word' id='word_1_105' title='bbox 1361 2543 1434 2609; x_wconf 62' lang='lat' dir='ltr'>sula</span> 
     </span>
     <span class='ocr_line' id='line_1_14' title="bbox 206 2650 1436 2738; baseline -0.004 -21"><span class='ocrx_word' id='word_1_106' title='bbox 206 2653 333 2717; x_wconf 83' lang='lat' dir='ltr'>struxit.</span> <span class='ocrx_word' id='word_1_107' title='bbox 387 2653 447 2718; x_wconf 82' lang='lat' dir='ltr'>VII</span> <span class='ocrx_word' id='word_1_108' title='bbox 474 2655 516 2718; x_wconf 88' lang='grc'>38</span> <span class='ocrx_word' id='word_1_109' title='bbox 544 2655 632 2738; x_wconf 78' lang='grc' dir='ltr'><strong><em>καινῇ</em></strong></span> <span class='ocrx_word' id='word_1_110' title='bbox 659 2651 696 2716; x_wconf 77' lang='grc' dir='ltr'>δὲ</span> <span class='ocrx_word' id='word_1_111' title='bbox 723 2659 796 2738; x_wconf 70' lang='grc' dir='ltr'>περὶ</span> <span class='ocrx_word' id='word_1_112' title='bbox 822 2650 958 2716; x_wconf 77' lang='grc' dir='ltr'><strong><em>πάντων</em></strong></span> <span class='ocrx_word' id='word_1_113' title='bbox 991 2661 1055 2716; x_wconf 76' lang='grc' dir='ltr'>τῶν</span> <span class='ocrx_word' id='word_1_114' title='bbox 1088 2655 1231 2716; x_wconf 58' lang='lat' dir='ltr'>metron</span> <span class='ocrx_word' id='word_1_115' title='bbox 1264 2651 1436 2734; x_wconf 78' lang='grc' dir='ltr'>δογμάτων</span> 
     </span>
     <span class='ocr_line' id='line_1_15' title="bbox 206 2758 1436 2846; baseline -0.002 -22"><span class='ocrx_word' id='word_1_116' title='bbox 206 2759 298 2836; x_wconf 75' lang='grc' dir='ltr'><strong><em>ἔδοξέ</em></strong></span> <span class='ocrx_word' id='word_1_117' title='bbox 319 2784 375 2841; x_wconf 78' lang='grc' dir='ltr'>μοι</span> <span class='ocrx_word' id='word_1_118' title='bbox 398 2759 436 2824; x_wconf 79' lang='grc' dir='ltr'>ἐν</span> <span class='ocrx_word' id='word_1_119' title='bbox 458 2765 501 2846; x_wconf 80' lang='grc' dir='ltr'>τῷ</span> <span class='ocrx_word' id='word_1_120' title='bbox 522 2758 673 2846; x_wconf 66' lang='grc' dir='ltr'><strong><em>Ζήνωνος</em></strong></span> <span class='ocrx_word' id='word_1_121' title='bbox 696 2761 799 2825; x_wconf 69' lang='grc' dir='ltr'><strong><em>εἰπεῖν</em></strong></span> <span class='ocrx_word' id='word_1_122' title='bbox 820 2763 880 2846; x_wconf 65' lang='grc' dir='ltr'>βίῳ</span> <span class='ocrx_word' id='word_1_123' title='bbox 902 2759 960 2823; x_wconf 73' lang='lat' dir='ltr'>daci</span> <span class='ocrx_word' id='word_1_124' title='bbox 983 2759 1020 2822; x_wconf 82' lang='grc' dir='ltr'>τὸ</span> <span class='ocrx_word' id='word_1_125' title='bbox 1051 2761 1169 2825; x_wconf 75' lang='grc' dir='ltr'><strong><em>τοῦτον</em></strong></span> <span class='ocrx_word' id='word_1_126' title='bbox 1195 2763 1324 2844; x_wconf 70' lang='grc' dir='ltr'>κτίστην</span> <span class='ocrx_word' id='word_1_127' title='bbox 1353 2763 1436 2839; x_wconf 59' lang='grc' dir='ltr'><strong><em>γενέ</em></strong></span> 
     </span>
     <span class='ocr_line' id='line_1_16' title="bbox 207 2863 1436 2950; baseline -0.002 -20"><span class='ocrx_word' id='word_1_128' title='bbox 207 2869 289 2930; x_wconf 74' lang='grc' dir='ltr'><strong><em>σθαι</em></strong></span> <span class='ocrx_word' id='word_1_129' title='bbox 305 2869 359 2949; x_wconf 74' lang='grc' dir='ltr'>τῆς</span> <span class='ocrx_word' id='word_1_130' title='bbox 375 2863 541 2950; x_wconf 70' lang='grc' dir='ltr'><strong><em>αἱρέσεως·</em></strong></span> <span class='ocrx_word' id='word_1_131' title='bbox 564 2865 630 2930; x_wconf 67' lang='grc' dir='ltr'>ἐστὶ</span> <span class='ocrx_word' id='word_1_132' title='bbox 645 2870 707 2949; x_wconf 80' lang='grc' dir='ltr'>μὲν</span> <span class='ocrx_word' id='word_1_133' title='bbox 722 2863 782 2932; x_wconf 72' lang='grc' dir='ltr'>οὖν</span> <span class='ocrx_word' id='word_1_134' title='bbox 794 2865 896 2931; x_wconf 64' lang='lat' dir='ltr'>alenc</span> <span class='ocrx_word' id='word_1_135' title='bbox 911 2869 966 2930; x_wconf 73' lang='grc' dir='ltr'>καὶ</span> <span class='ocrx_word' id='word_1_136' title='bbox 981 2867 1021 2930; x_wconf 77' lang='grc' dir='ltr'>τὰ</span> <span class='ocrx_word' id='word_1_137' title='bbox 1038 2871 1309 2950; x_wconf 74' lang='grc' dir='ltr'><strong><em>προγεγραμμένα</em></strong></span> <span class='ocrx_word' id='word_1_138' title='bbox 1324 2866 1436 2948; x_wconf 77' lang='grc' dir='ltr'><strong><em>βιβλία</em></strong></span> 
     </span>
     <span class='ocr_line' id='line_1_17' title="bbox 207 2969 1435 3060; baseline -0.003 -22"><span class='ocrx_word' id='word_1_139' title='bbox 207 2971 327 3054; x_wconf 74' lang='grc' dir='ltr'><em>πολλά,</em></span> <span class='ocrx_word' id='word_1_140' title='bbox 352 2976 387 3037; x_wconf 79' lang='grc' dir='ltr'>ἐν</span> <span class='ocrx_word' id='word_1_141' title='bbox 415 2974 460 3049; x_wconf 71' lang='grc' dir='ltr'>αἷς</span> <span class='ocrx_word' id='word_1_142' title='bbox 491 2973 648 3060; x_wconf 71' lang='grc' dir='ltr'>ἐλάλησεν</span> <span class='ocrx_word' id='word_1_143' title='bbox 678 2972 720 3049; x_wconf 79' lang='grc' dir='ltr'>ὥς</span> <span class='ocrx_word' id='word_1_144' title='bbox 747 2969 853 3049; x_wconf 69' lang='grc' dir='ltr'>οὐδεὶς</span> <span class='ocrx_word' id='word_1_145' title='bbox 879 2975 942 3038; x_wconf 76' lang='grc' dir='ltr'>τῶν</span> <span class='ocrx_word' id='word_1_146' title='bbox 969 2982 1127 3038; x_wconf 69' lang='lat' dir='ltr'>ormisda·</span> <span class='ocrx_word' id='word_1_147' title='bbox 1154 2975 1196 3037; x_wconf 81' lang='lat' dir='ltr'>roi</span> <span class='ocrx_word' id='word_1_148' title='bbox 1220 2972 1256 3036; x_wconf 75' lang='lat' dir='ltr'>dd</span> <span class='ocrx_word' id='word_1_149' title='bbox 1284 2971 1435 3055; x_wconf 75' lang='grc' dir='ltr'><strong><em>δόγματα</em></strong></span> 
     </span>
     <span class='ocr_line' id='line_1_18' title="bbox 207 3079 1437 3165; baseline -0.002 -21"><span class='ocrx_word' id='word_1_150' title='bbox 207 3083 323 3156; x_wconf 77' lang='grc' dir='ltr'><strong><em>καινῶς</em></strong></span> <span class='ocrx_word' id='word_1_151' title='bbox 355 3081 422 3145; x_wconf 77' lang='grc' dir='ltr'>ἔστι</span> <span class='ocrx_word' id='word_1_152' title='bbox 453 3081 553 3146; x_wconf 78' lang='grc' dir='ltr'><em>τάδε·</em></span> <span class='ocrx_word' id='word_1_153' title='bbox 588 3083 738 3162; x_wconf 72' lang='grc' dir='ltr'><strong><em>λελέχθω</em></strong></span> <span class='ocrx_word' id='word_1_154' title='bbox 773 3083 802 3144; x_wconf 78' lang='grc' dir='ltr'>δ’</span> <span class='ocrx_word' id='word_1_155' title='bbox 836 3081 891 3145; x_wconf 76' lang='grc' dir='ltr'>ἐπὶ</span> <span class='ocrx_word' id='word_1_156' title='bbox 918 3082 1123 3165; x_wconf 76' lang='grc' dir='ltr'><strong><em>κεφαλαίων,</em></strong></span> <span class='ocrx_word' id='word_1_157' title='bbox 1153 3079 1259 3164; x_wconf 80' lang='grc' dir='ltr'><strong><em>ὥσπερ</em></strong></span> <span class='ocrx_word' id='word_1_158' title='bbox 1293 3080 1350 3143; x_wconf 74' lang='grc' dir='ltr'>καὶ</span> <span class='ocrx_word' id='word_1_159' title='bbox 1386 3079 1437 3142; x_wconf 74' lang='grc' dir='ltr'>ἐπὶ</span> 
     </span>
     <span class='ocr_line' id='line_1_19' title="bbox 208 3187 1437 3274; baseline -0.001 -22"><span class='ocrx_word' id='word_1_160' title='bbox 208 3195 273 3254; x_wconf 75' lang='grc' dir='ltr'>τῶν</span> <span class='ocrx_word' id='word_1_161' title='bbox 295 3187 406 3252; x_wconf 81' lang='grc' dir='ltr'><strong><em>ἄλλων</em></strong></span> <span class='ocrx_word' id='word_1_162' title='bbox 429 3201 536 3254; x_wconf 70' lang='grc' dir='ltr'><strong><em>ποιεῖν</em></strong></span> <span class='ocrx_word' id='word_1_163' title='bbox 559 3187 730 3274; x_wconf 68' lang='grc' dir='ltr'><strong><em>εἰώθαμεν</em></strong></span> <span class='ocrx_word' id='word_1_164' title='bbox 756 3190 821 3254; x_wconf 75' lang='grc' dir='ltr'>κτλ.</span> <span class='ocrx_word' id='word_1_165' title='bbox 873 3189 917 3254; x_wconf 79' lang='lat' dir='ltr'>Et</span> <span class='ocrx_word' id='word_1_166' title='bbox 946 3190 1083 3270; x_wconf 86' lang='lat' dir='ltr'>primum</span> <span class='ocrx_word' id='word_1_167' title='bbox 1111 3189 1240 3270; x_wconf 84' lang='lat' dir='ltr'>quidem</span> <span class='ocrx_word' id='word_1_168' title='bbox 1263 3187 1304 3251; x_wconf 84' lang='lat' dir='ltr'>de</span> <span class='ocrx_word' id='word_1_169' title='bbox 1333 3188 1437 3252; x_wconf 73' lang='lat' dir='ltr'>diter·</span> 
     </span>
     <span class='ocr_line' id='line_1_20' title="bbox 210 3293 1437 3378; baseline -0.005 -16"><span class='ocrx_word' id='word_1_170' title='bbox 210 3297 255 3362; x_wconf 90' lang='lat' dir='ltr'>sis</span> <span class='ocrx_word' id='word_1_171' title='bbox 279 3297 362 3377; x_wconf 90' lang='lat' dir='ltr'>apud</span> <span class='ocrx_word' id='word_1_172' title='bbox 393 3297 518 3362; x_wconf 86' lang='lat' dir='ltr'>Stoicos</span> <span class='ocrx_word' id='word_1_173' title='bbox 548 3295 771 3378; x_wconf 87' lang='lat' dir='ltr'>philosophiae</span> <span class='ocrx_word' id='word_1_174' title='bbox 794 3297 1023 3378; x_wconf 85' lang='lat' dir='ltr'>partitionibus</span> <span class='ocrx_word' id='word_1_175' title='bbox 1047 3295 1208 3378; x_wconf 85' lang='lat' dir='ltr'>disputat,</span> <span class='ocrx_word' id='word_1_176' title='bbox 1238 3313 1378 3378; x_wconf 89' lang='lat' dir='ltr'>quarum</span> <span class='ocrx_word' id='word_1_177' title='bbox 1401 3293 1437 3359; x_wconf 90' lang='lat' dir='ltr'>de</span> 
     </span>
     <span class='ocr_line' id='line_1_21' title="bbox 209 3402 1436 3484; baseline -0.003 -15"><span class='ocrx_word' id='word_1_178' title='bbox 209 3421 342 3469; x_wconf 91' lang='lat' dir='ltr'>numero</span> <span class='ocrx_word' id='word_1_179' title='bbox 359 3421 485 3484; x_wconf 89' lang='lat' dir='ltr'>semper</span> <span class='ocrx_word' id='word_1_180' title='bbox 505 3423 647 3469; x_wconf 89' lang='lat' dir='ltr'>summus</span> <span class='ocrx_word' id='word_1_181' title='bbox 670 3410 742 3468; x_wconf 88' lang='lat' dir='ltr'>erat</span> <span class='ocrx_word' id='word_1_182' title='bbox 765 3421 947 3469; x_wconf 90' lang='lat' dir='ltr'>consensus.</span> <span class='ocrx_word' id='word_1_183' title='bbox 984 3403 1032 3467; x_wconf 93' lang='lat' dir='ltr'>De</span> <span class='ocrx_word' id='word_1_184' title='bbox 1049 3403 1162 3468; x_wconf 89' lang='lat' dir='ltr'>ordine</span> <span class='ocrx_word' id='word_1_185' title='bbox 1178 3402 1364 3467; x_wconf 88' lang='lat' dir='ltr'>dubitatum</span> <span class='ocrx_word' id='word_1_186' title='bbox 1382 3407 1436 3466; x_wconf 86' lang='lat' dir='ltr'>est</span> 
     </span>
     <span class='ocr_line' id='line_1_22' title="bbox 210 3507 1438 3591; baseline -0.004 -16"><span class='ocrx_word' id='word_1_187' title='bbox 210 3511 363 3575; x_wconf 87' lang='lat' dir='ltr'>Diversas</span> <span class='ocrx_word' id='word_1_188' title='bbox 397 3507 498 3590; x_wconf 89' lang='lat' dir='ltr'>igitur</span> <span class='ocrx_word' id='word_1_189' title='bbox 528 3509 678 3576; x_wconf 86' lang='lat' dir='ltr'>Laertius</span> <span class='ocrx_word' id='word_1_190' title='bbox 713 3511 898 3575; x_wconf 86' lang='lat' dir='ltr'>doctissime</span> <span class='ocrx_word' id='word_1_191' title='bbox 937 3509 1057 3591; x_wconf 91' lang='lat' dir='ltr'>repetit</span> <span class='ocrx_word' id='word_1_192' title='bbox 1091 3509 1269 3574; x_wconf 89' lang='lat' dir='ltr'>sententias</span> <span class='ocrx_word' id='word_1_193' title='bbox 1300 3509 1438 3576; x_wconf 87' lang='lat' dir='ltr'>Zenonis</span> 
     </span>
     <span class='ocr_line' id='line_1_23' title="bbox 212 3615 1437 3698; baseline 0.001 -16"><span class='ocrx_word' id='word_1_194' title='bbox 212 3617 383 3698; x_wconf 84' lang='lat' dir='ltr'>Chrysippi</span> <span class='ocrx_word' id='word_1_195' title='bbox 410 3616 600 3681; x_wconf 81' lang='lat' dir='ltr'>Archedemi</span> <span class='ocrx_word' id='word_1_196' title='bbox 631 3617 767 3682; x_wconf 87' lang='lat' dir='ltr'>Eudemi</span> <span class='ocrx_word' id='word_1_197' title='bbox 793 3615 950 3696; x_wconf 90' lang='lat' dir='ltr'>Phaniae;</span> <span class='ocrx_word' id='word_1_198' title='bbox 986 3615 1142 3698; x_wconf 88' lang='lat' dir='ltr'>Diogenis</span> <span class='ocrx_word' id='word_1_199' title='bbox 1169 3617 1437 3684; x_wconf 84' lang='lat' dir='ltr'>Ptolomaeensis:</span> 
     </span>
     <span class='ocr_line' id='line_1_24' title="bbox 211 3723 1436 3804; baseline -0.002 -16"><span class='ocrx_word' id='word_1_200' title='bbox 211 3723 413 3804; x_wconf 78' lang='lat' dir='ltr'>Apollodori3</span> <span class='ocrx_word' id='word_1_201' title='bbox 445 3723 592 3788; x_wconf 86' lang='lat' dir='ltr'>Panaetii</span> <span class='ocrx_word' id='word_1_202' title='bbox 616 3729 650 3790; x_wconf 91' lang='lat' dir='ltr'>et</span> <span class='ocrx_word' id='word_1_203' title='bbox 672 3725 853 3803; x_wconf 82' lang='lat' dir='ltr'>Posidonii3</span> <span class='ocrx_word' id='word_1_204' title='bbox 885 3723 1064 3802; x_wconf 60' lang='lat' dir='ltr'>Cleanthis</span> <span class='ocrx_word' id='word_1_205' title='bbox 1095 3724 1233 3790; x_wconf 84' lang='lat' dir='ltr'>Zenonis</span> <span class='ocrx_word' id='word_1_206' title='bbox 1260 3725 1436 3791; x_wconf 84' lang='lat' dir='ltr'>Tarsensis.</span> 
     </span>
     <span class='ocr_line' id='line_1_25' title="bbox 212 3830 1438 3914; baseline 0 -19"><span class='ocrx_word' id='word_1_207' title='bbox 212 3831 294 3896; x_wconf 90' lang='lat' dir='ltr'>Dein</span> <span class='ocrx_word' id='word_1_208' title='bbox 324 3830 460 3911; x_wconf 85' lang='lat' dir='ltr'>logicam</span> <span class='ocrx_word' id='word_1_209' title='bbox 490 3831 668 3896; x_wconf 88' lang='lat' dir='ltr'>Stoicorum</span> <span class='ocrx_word' id='word_1_210' title='bbox 697 3837 891 3913; x_wconf 84' lang='lat' dir='ltr'>pertractat,</span> <span class='ocrx_word' id='word_1_211' title='bbox 922 3833 1060 3914; x_wconf 93' lang='lat' dir='ltr'>primum</span> <span class='ocrx_word' id='word_1_212' title='bbox 1090 3832 1274 3897; x_wconf 85' lang='lat' dir='ltr'>summatim</span> <span class='ocrx_word' id='word_1_213' title='bbox 1303 3840 1339 3899; x_wconf 90' lang='lat' dir='ltr'>et</span> <span class='ocrx_word' id='word_1_214' title='bbox 1375 3835 1438 3898; x_wconf 87' lang='lat' dir='ltr'>sine</span> 
     </span>
    </p>
   </div>
   <div class='ocr_carea' id='block_1_3' title="bbox 213 3937 1439 4023">
    <p class='ocr_par' dir='ltr' id='par_1_3' title="bbox 213 3937 1439 4023">
     <span class='ocr_line' id='line_1_26' title="bbox 213 3937 1439 4023; baseline -0.002 -21"><span class='ocrx_word' id='word_1_215' title='bbox 213 3937 469 4002; x_wconf 88' lang='lat' dir='ltr'>testimoniorum</span> <span class='ocrx_word' id='word_1_216' title='bbox 499 3939 607 4020; x_wconf 83' lang='lat' dir='ltr'>copia3</span> <span class='ocrx_word' id='word_1_217' title='bbox 644 3959 708 4021; x_wconf 89' lang='lat' dir='ltr'>qua</span> <span class='ocrx_word' id='word_1_218' title='bbox 735 3939 882 4022; x_wconf 83' lang='lat' dir='ltr'>exposito</span> <span class='ocrx_word' id='word_1_219' title='bbox 917 3941 1043 4023; x_wconf 79' lang='lat' dir='ltr'>singrda</span> <span class='ocrx_word' id='word_1_220' title='bbox 1070 3939 1285 4022; x_wconf 89' lang='lat' dir='ltr'>persequitur.</span> <span class='ocrx_word' id='word_1_221' title='bbox 1334 3939 1439 4006; x_wconf 85' lang='lat' dir='ltr'>Verba</span> 
     </span>
    </p>
   </div>
   <div class='ocr_carea' id='block_1_4' title="bbox 290 4131 1191 4206">
    <p class='ocr_par' dir='ltr' id='par_1_4' title="bbox 290 4131 1191 4206">
     <span class='ocr_line' id='line_1_27' title="bbox 290 4131 1191 4206; baseline 0 -20"><span class='ocrx_word' id='word_1_222' title='bbox 290 4131 313 4202; x_wconf 73' lang='grc'>2)</span> <span class='ocrx_word' id='word_1_223' title='bbox 332 4131 457 4188; x_wconf 81' lang='lat' dir='ltr'>Alterum</span> <span class='ocrx_word' id='word_1_224' title='bbox 477 4133 662 4188; x_wconf 83' lang='lat' dir='ltr'>testimonium</span> <span class='ocrx_word' id='word_1_225' title='bbox 682 4133 753 4188; x_wconf 80' lang='lat' dir='ltr'>intro</span> <span class='ocrx_word' id='word_1_226' title='bbox 771 4149 805 4188; x_wconf 86' lang='lat' dir='ltr'>ex</span> <span class='ocrx_word' id='word_1_227' title='bbox 824 4134 948 4206; x_wconf 78' lang='lat' dir='ltr'>Menippi</span> <span class='ocrx_word' id='word_1_228' title='bbox 968 4136 1026 4190; x_wconf 84' lang='lat' dir='ltr'>rita</span> <span class='ocrx_word' id='word_1_229' title='bbox 1044 4134 1191 4205; x_wconf 79' lang='lat' dir='ltr'>proteram.</span> 
     </span>
    </p>
   </div>
   <div class='ocr_carea' id='block_1_5' title="bbox 0 0 1528 4866">
    <p class='ocr_par' dir='ltr' id='par_1_5' title="bbox 0 0 1528 4866">
     <span class='ocr_line' id='line_1_28' title="bbox 0 0 1528 4866; baseline 0 0"><span class='ocrx_word' id='word_1_230' title='bbox 0 0 1528 4866; x_wconf 95' lang='lat' dir='ltr'> </span> 
     </span>
    </p>
   </div>
  </div>
 </body>
</html>
