3010 4866
199 216 241 278 72

198 411 239 458 ne
263 393 335 476 quis
353 397 417 476 ¹pro
433 393 605 476 Porphyrii
627 393 773 458 venditet
795 392 980 459 auctoribus
997 429 1038 442 -
1056 394 1089 459 id
1105 395 1191 476 quod
1215 412 1273 477 per
1294 401 1426 478 tempus

198 501 313 566 liceret
342 539 385 548 -
414 500 614 565 instituenda
650 505 700 566 est
728 501 833 565 denuo
868 502 1076 581 comparatio.
1099 537 1113 560 ο
1129 501 1253 584 Sequar
1286 503 1427 584 vestigia

200 608 287 673 vitae
310 608 337 672 B
362 604 420 694 [ιτ-
443 603 614 693 Anonymi]
639 607 828 690 diligentius
852 608 993 690 scriptae
1016 625 1112 691 quem
1135 609 1164 674 A
1187 606 1244 696 [=
1262 608 1427 693 Olympio·

201 715 323 781 dorus.

288 711 315 886 ὲ
339 823 375 902 5,
402 823 443 886 18
468 820 525 886 ‘Pl
552 820 592 884 ab
617 819 776 887 Aristocle
806 841 866 889 avo
890 821 1081 890 Aristoclem
1108 826 1257 888 vocatum
1286 823 1352 890 siue
1384 823 1425 890 ob

200 930 341 1011 pectoris
353 928 557 994 latitudinem
571 927 638 992 sive
651 927 692 993 ob
704 926 819 992 frontis
829 928 1073 1011 amplitudinem
1083 929 1291 1012 sivepropter
1299 930 1427 996 dicendi
1498 927 1499 982 l

201 1035 431 1100 abundantiam
461 1053 576 1100 nomen
605 1035 769 1100 mutasse’.
795 1073 837 1082 —
865 1035 954 1100 ldem
982 1034 1158 1116 Diogenes,
1189 1036 1252 1101 nisi
1275 1037 1362 1119 quod
1386 1037 1428 1101 ad

201 1142 341 1223 priorem
354 1143 492 1207 nominis
504 1142 804 1222 interpretationem
820 1148 937 1208 testem
953 1141 1126 1223 adscripsit
1138 1142 1352 1208 Alexandrum
1366 1143 1428 1209 Po-

201 1247 399 1330 lyhistorem‚
414 1248 603 1313 adulteram
614 1248 805 1314 Neonthem.
842 1249 997 1332 Apuleius
1008 1249 1149 1331 priorem
1162 1251 1263 1315 solam
1275 1253 1426 1316 servavit.

201 1374 232 1437 p.
259 1357 289 1435 5,
315 1357 356 1420 28
386 1375 454 1438 sqq.
481 1353 659 1420 ‘Platonem
686 1374 762 1421 vere
790 1375 860 1422 esse
885 1355 1087 1438 Apollineum
1117 1359 1240 1424 somnio
1269 1358 1429 1440 adparere

362 1462 525 1528 Socratis'.
550 1498 595 1510 —-
618 1463 725 1527 Laert.
751 1463 845 1544 Apul.

201 1587 233 1650 p.
260 1571 289 1649 6,
316 1570 335 1633 6
360 1587 428 1652 sqq.
448 1569 551 1634 ‘Diem
566 1567 709 1634 natalem
724 1567 824 1634 fuisse
839 1569 945 1651 pridie
960 1587 1056 1652 quam
1072 1569 1216 1636 Socratis
1232 1576 1266 1637 et
1280 1571 1426 1638 Diauae'.

363 1677 469 1740 Laert.
497 1673 549 1763 [ex
573 1673 796 1763 Apollodoro],
820 1675 914 1760 Apul.

203 1801 234 1865 p.
262 1786 291 1864 6,
317 1783 358 1848 23
384 1783 575 1865 ‘Apollinem
600 1801 638 1847 ex
662 1783 844 1849 Perictione
867 1785 1016 1866 genuisse
1041 1785 1229 1852 Platonem'.
1250 1823 1295 1834 -—
1317 1785 1428 1853 Laert.

367 1887 420 1977 [er
444 1891 633 1972 Speusippo,
660 1889 823 1970 clearcho,
849 1888 1063 1978 Anaxilaide]‚
1088 1893 1181 1975 Apul.

202 2015 234 2079 p.
260 1999 290 2077 6,
316 1999 357 2062 37
383 1997 549 2062 ‘Docuisse
564 1996 613 2062 Pl.
629 1998 662 2062 in
679 2000 889 2080 grammatica
903 2000 1101 2082 Dionysium,
1123 2001 1214 2067 cuius
1229 2003 1432 2070 meminisset

363 2103 399 2168 ἐν
416 2099 596 2188 Ἐραπατς,
621 2105 654 2169 in
679 2107 878 2188 gymnastico
901 2107 1098 2187 Aristonem3
1128 2113 1300 2189 praeterea
1323 2109 1431 2193 dithy-

363 2211 546 2276 ramborum
570 2217 604 2276 et
626 2213 865 2294 tragoediarum
888 2219 1013 2296 poetas,
1037 2214 1175 2296 denique
1198 2215 1360 2297 pictores'.
1387 2253 1432 2266 -

365 2317 472 2385 Laert.
498 2311 591 2400 Apul.

206 2443 237 2504 p.
263 2426 293 2503 7,
321 2425 361 2488 16
385 2443 453 2506 sqq.
481 2421 618 2512 [Olymp.
647 2424 681 2489 in
706 2425 803 2508 Gorg.
828 2445 858 2507 p.
884 2423 963 2514 392]
995 2426 1152 2494 ‘Ethicam
1182 2434 1219 2494 ut
1246 2430 1391 2497 disceret
1413 2449 1433 2495 a

368 2531 510 2611 Socrate,
534 2531 581 2596 Pl.
608 2551 829 2598 concremasse
852 2535 1013 2600 carmine‘.
1038 2571 1083 2584 -
1105 2535 1213 2601 Laert.
1239 2537 1332 2620 Apul.

208 2655 238 2718 p.
265 2639 294 2717 7,
321 2637 361 2701 23
387 2656 454 2720 sqq.
481 2634 620 2724 [Olymp.
646 2637 704 2727 in]
735 2641 889 2706 ‘Socratis
917 2640 1133 2709 defensionem
1161 2661 1226 2708 non
1254 2644 1431 2711 admissam

368 2745 459 2810 esse‘.
484 2781 528 2792 -
552 2745 653 2811 Deest
675 2747 709 2812 in
732 2747 839 2812 Laert.
866 2753 899 2814 et
922 2747 1015 2830 Apul.

370 2851 477 2933 ‘Lysiu
501 2851 663 2935 dialogum
687 2853 852 2920 fastidisse
876 2855 1060 2922 Socratem’.
1078 2895 1123 2906 -
1138 2857 1246 2923 Laert.
1264 2859 1317 2940 34,
1335 2860 1432 2943 Apul.

368 2977 432 3024 non
455 2959 542 3024 item.

209 3083 239 3146 p.
266 3067 296 3146 t,
322 3062 527 3152 40[01ymp.
556 3066 598 3132 ib.
628 3085 658 3148 p.
690 3065 769 3156 393]
800 3068 1031 3152 ‘Pythagoreos
1066 3077 1237 3154 praeterea
1265 3071 1434 3156 Cratylum

369 3178 403 3238 et
424 3173 658 3258 Hermogenem
682 3175 828 3242 docuisse
852 3176 910 3258 Pl,
935 3179 1019 3244 unde
1043 3177 1084 3244 ad
1105 3179 1290 3246 secerdotes
1305 3181 1435 3266 Aegyp-

369 3280 433 3344 tios
456 3280 678 3348 discessisset.
703 3319 747 3330 -
770 3284 878 3350 Laert.
904 3285 997 3368 Apul.

212 3385 335 3468 Olymp.
360 3385 402 3450 ib.
428 3405 458 3467 p.
484 3387 564 3451 393:
599 3395 654 3452 καὶ
688 3389 725 3454 dv
760 3392 887 3480 Κυρήνῃ
921 3393 1013 3478 παρὰ
1044 3393 1208 3482 Θεοδώρῳ
1244 3392 1435 3482 ἐπαιδεύθη

370 3496 427 3579 τὴν
449 3498 653 3581 γεωμετρίαν.
678 3533 723 3544 -·
745 3497 852 3564 Laert.
879 3499 971 3581 Apul.

212 3597 335 3682 Olymp.
361 3600 403 3664 ib.
429 3595 477 3687 [et
493 3601 523 3682 3,
542 3598 575 3690 6]
601 3603 746 3670 ‘Aetnam
770 3605 912 3672 visurum
935 3607 982 3673 Pl.
1007 3609 1040 3674 in
1062 3607 1203 3674 Siciliam
1227 3609 1379 3677 venisse'.
1392 3647 1437 3660 -

371 3707 479 3772 Laert.
504 3707 596 3792 Apul.

214 3813 287 3895 Ap.
305 3817 335 3895 3,
361 3791 473 3898 8'sqq.
503 3815 624 3882 Itinera
647 3819 712 3884 tria
728 3819 843 3901 Sicula,
868 3819 931 3885 nisi
954 3821 1039 3904 quod
1062 3821 1164 3888 multo
1185 3821 1280 3904 plura
1302 3823 1438 3892 exhibet

373 3921 503 3988 Laertio
527 3928 560 3988 et
583 3925 719 4006 Apuleio
742 3931 849 3992 tamen
872 3947 933 3993 voc
957 3925 1146 4010 diversa⁷').

286 4059 322 4129 ⁷⁹)
340 4059 533 4117 Venditionem
553 4063 620 4119 falso
639 4063 700 4120 loco
719 4065 929 4136 olympiodorus
948 4069 1082 4124 narravit:
1105 4069 1152 4138 qui
1171 4086 1249 4126 error
1268 4101 1302 4112 -
1323 4073 1358 4128 ab
1379 4075 1437 4144 ipso

215 4156 246 4202 ut
266 4149 375 4204 videtur
393 4149 434 4204 01.
454 4151 655 4207 commissus-
670 4171 719 4208 nos
738 4171 791 4210 uon
810 4156 969 4210 morabitur.
1003 4157 1033 4210 lu
1052 4157 1245 4213 commentario
1264 4159 1294 4214 in
1307 4161 1437 4234 Gorgiam
