3016 4858
1242 233 1303 298 151

76 387 164 455 male
187 386 319 454 sedulus
342 385 593 466 contaminator,
621 384 773 453 Fauorini
796 387 991 456 sententiam
1006 388 1040 456 in
1063 389 1133 458 loco
1157 393 1226 459 veri
1249 411 1306 460 no·

76 496 186 577 minis,
210 495 297 578 quod
318 493 499 578 Hesychius
522 493 673 576 servavit,
698 495 885 562 conlocauit

172 601 434 669 consummatum
461 605 521 668 est
557 620 621 668 non
649 601 777 670 uidetur
805 619 877 670 esse
905 601 996 671 locus
1023 605 1110 688 apud
1138 605 1238 672 ullum
1267 626 1307 674 es

78 711 129 776 cis
161 709 389 793 scriptoribus,
418 727 499 794 quos
521 709 677 794 Diogenis
706 710 852 778 adseclas
886 715 923 778 tu
957 727 1030 778 esse
1064 713 1305 798 demonstrasti,

77 818 137 900 qui
173 821 263 882 corta
296 817 423 882 rationo
457 817 499 884 ad
526 817 720 884 Favorinum
752 817 927 886 referatur:
956 819 1057 886 ullum
1085 839 1156 888 esse
1184 823 1239 904 qui
1267 841 1306 888 ex

77 924 259 1008 Omnigena
281 923 419 990 historia
441 925 613 1008 proveniat
634 924 817 1009 praefracte
836 944 929 1009 nego.
970 932 1084 994 contra
1106 927 1140 994 in
1161 928 1305 1011 Diogene

76 1049 144 1098 non
161 1049 294 1098 acumen
310 1031 438 1114 quidem
453 1036 511 1098 aut
532 1032 685 1100 iudicium
708 1033 766 1100 sed
782 1033 923 1116 aliquam
946 1033 1063 1101 saltem
1080 1041 1113 1101 et
1135 1035 1306 1102 lectionem

76 1143 113 1204 et
144 1137 349 1204 sedulitatem
377 1138 572 1221 invenimus,
599 1158 703 1224 neque
735 1140 836 1206 uallum
870 1147 927 1208 aut
956 1141 1221 1210 dissimulationis
1249 1149 1306 1210 aut

74 1244 238 1312 mendacii
263 1244 444 1328 vestigium.
1019 1245 1023 1252 '

168 1353 284 1420 ddum
307 1358 368 1434 est,
392 1371 431 1418 es
453 1371 526 1419 mea
548 1353 677 1438 quidem
700 1354 872 1436 sententia,
897 1354 937 1421 de
957 1353 1117 1424 Favorino
1140 1361 1206 1422 tuo.
1246 1375 1306 1425 nec
1419 1435 1426 1448 ,

76 1467 189 1526 tamen
211 1459 347 1527 multum
370 1461 421 1526 vel
443 1460 505 1528 tibi
519 1460 693 1543 lugendum
709 1466 767 1528 est
807 1480 923 1530 nomen
940 1463 1083 1544 evanuit3
1108 1481 1216 1530 rarum
1237 1470 1306 1532 ate

75 1569 110 1634 in
136 1568 274 1635 clariore
296 1567 367 1636 lucc
383 1568 621 1636 conlocatarum
637 1569 780 1652 gravitm
799 1569 929 1638 minime
945 1569 1141 1653 infringitur.
1182 1589 1256 1638 nam
1271 1573 1306 1638 id

76 1681 173 1742 extra
197 1675 431 1744 dubitationem
455 1680 514 1757 est,
538 1673 638 1742 iuuisse
660 1676 745 1744 uitas
768 1674 948 1762 Platonis¹)
976 1677 1163 1744 Aristotelis
1186 1678 1306 1761 Pytha-

75 1801 189 1866 garae,
214 1801 232 1848 e
255 1782 370 1866 quihus
392 1783 457 1850 iam
473 1782 608 1850 altanus
631 1783 752 1850 sacculi
774 1784 938 1866 vergentis
954 1784 1130 1866 scriptores
1154 1803 1212 1850 sua
1227 1784 1305 1852 hau·

75 1891 183 1958 111111
205 1895 332 1958 tantum
354 1908 418 1958 non
441 1889 558 1972 omnia,
586 1890 635 1957 ita
658 1895 694 1957 ut
715 1889 809 1958 nohis
832 1890 866 1956 in
889 1891 1101 1958 instauranda
1123 1891 1305 1960 litterarum

75 1997 218 2064 historia
247 1999 385 2080 primum
414 1997 590 2066 communis
620 1997 676 2064 illc
705 2002 817 2065 auctor
846 2015 973 2082 semper
1004 1999 1048 2065 sit
1076 1999 1304 2068 restituendus.

76 2105 225 2172 codicum
241 2104 451 2172 multiiariam
475 2110 509 2172 et
524 2109 749 2188 corruptomm
769 2109 803 2172 et
825 2106 1095 2190 interpolatorum
1112 2105 1306 2191 archetypus

75 2213 250 2278 indicatus
276 2217 335 2280 est.
375 2212 502 2280 videtur
537 2217 646 2278 autem
669 2230 708 2278 ex
729 2211 891 2296 Hesychio
926 2214 1000 2298 plus
1029 2214 1129 2297 sequi.
1178 2214 1306 2298 decepti

73 2320 157 2384 mihi
184 2319 337 2386 videmini
366 2324 400 2386 01
421 2318 632 2386 Nietzsoheus
661 2323 695 2386 11
723 2319 820 2386 tuin
848 2320 990 2403 nomine,
1021 2339 1125 2404 neque
1149 2321 1182 2388 id
1205 2321 1301 2388 laudo

74 2427 164 2511 quod
180 2426 334 2509 Diogenis
356 2427 459 2510 ipsius
482 2443 613 2510 operam
636 2444 740 2510 paene
762 2425 855 2492 nihih
878 2426 995 2496 facitis.
1035 2433 1143 2496 tamen
1167 2428 1304 2494 conlatis

74 2535 164 2602 inter
187 2551 224 2600 se
246 2532 407 2616 Hesychio
436 2539 469 2600 et
491 2534 636 2616 Diogene
665 2533 700 2600 id
721 2533 773 2600 uis
795 2540 905 2618 potest
932 2535 1059 2618 negari,
1083 2533 1304 2618 Hesychianas

73 2641 162 2708 uitas
185 2644 313 2708 tantum
340 2659 404 2708 non
434 2641 580 2724 integras
608 2639 687 2724 (alia
709 2657 762 2708 res
784 2641 817 2707 in
844 2641 999 2708 librorum
1022 2641 1204 2727 indicibus),
1228 2643 1305 2710 Dio-

75 2749 170 2832 genis
193 2767 260 2816 non
281 2749 427 2831 integras
442 2747 572 2832 qmdem
595 2747 652 2814 sed
668 2765 823 2814 summam
845 2753 954 2817 111111
971 2765 1081 2814 aarum
1097 2748 1138 2814 ad
1154 2766 1305 2832 magnum

74 2859 219 2924 vitarum
247 2874 363 2940 corpus
394 2855 515 2937 redire,
545 2853 644 2922 inisse
672 2873 748 2939 ergo
777 2855 917 2939 aliquem
940 2855 1096 2938 Diogenis
1128 2859 1303 2938 auctorem,

74 2964 209 3049 qualem
241 2981 299 3030 sos
334 2963 440 3031 animo
464 2960 704 3030 iniormavistis.
750 2963 828 3046 quid
857 2962 943 3046 quod
966 2981 983 3028 1
1007 2961 1153 3046 quamvis
1177 2963 1303 3029 conciso
1420 3035 1421 3038 ,

73 3072 241 3157 Hesychio
264 3072 437 3140 nonnullae
460 3072 547 3138 vitae
570 3070 645 3136 addi
668 3075 804 3153 possunt
832 3071 970 3139 omissae
994 3087 1014 3136 a
1036 3069 1192 3152 Diogene,
1216 3070 1305 3136 velut

74 3180 235 3247 Prodicus
261 3179 430 3246 Anniceris
450 3177 619 3262 Phihppus
641 3176 801 3260 Opuntius
824 3177 956 3244 Philisci
981 3177 1085 3244 altera
1107 3177 1184 3259 vita,
1209 3177 1303 3244 credo

74 3289 178 3356 etiam
200 3286 388 3356 Ar'mtotelis
416 3285 566 3370 discipuli
592 3283 804 3352 Nicomachus
827 3285 969 3352 Phanias
991 3283 1209 3352 Dicaearchus
1232 3285 1304 3352 Ari-

75 3447 293 3462 ffl-

143 3553 175 3624 2)
193 3553 224 3608 Si
242 3552 337 3608 sudem
351 3563 446 3607 norma
462 3565 569 3620 semper
587 3565 653 3606 usus
666 3565 749 3622 assas,
766 3549 840 3606 inter
857 3549 1049 3620 compilatores
1061 3549 1191 3605 Favorini
1209 3564 1303 3606 neccs-

76 3645 152 3700 saria
172 3641 315 3698 rstulisscs
332 3639 415 3696 etiam
433 3637 583 3695 Aristidem
601 3639 635 3695 do
654 3639 777 3695 Platonis
795 3639 948 3695 itineribus.
979 3653 1042 3695 nam
1060 3638 1234 3694 manifestum
1252 3646 1303 3708 111,

77 3732 154 3802 quod
173 3747 188 3788 c
208 3729 369 3786 Stcinharto
391 3727 506 3799 apponis
528 3743 555 3798 p.
574 3727 617 3796 63,
640 3725 791 3782 Aristidem
808 3742 888 3784 usum
911 3741 971 3784 essa
993 3727 1087 3784 cadem
1104 3725 1227 3784 Platonis
1247 3727 1305 3784 vita

77 3837 148 3892 quas
176 3818 251 3890 apud
268 3817 418 3888 Diogenem
441 3813 588 3884 compilata
611 3821 665 3886 est,
692 3814 799 3872 scilicet
823 3815 907 3871 vitam
930 3815 1053 3872 Platonis
1076 3815 1201 3885 exemplo
1224 3832 1303 3886 prac-

77 3909 190 3966 nissam
201 3907 315 3978 legerat
346 3905 419 3962 idom
431 3904 551 3961 arbitror
569 3903 667 3960 iecisse
679 3903 858 3960 Plutarchum
877 3904 905 3959 in
918 3905 1016 3973 Dione,
1035 3905 1083 3974 qui
1102 3909 1130 3959 11
1149 3904 1222 3959 vitas
1241 3905 1302 3960 Pla·

77 3999 152 4054 tonis
172 4001 202 4052 11
220 3996 304 4066 (qaod
322 4011 421 4066 negare
440 4009 568 4050 vesanum
589 4001 642 4067 111)
664 3993 789 4064 epistulis
804 3993 953 4050 Platonicis
971 3993 1039 4064 ipsis
1057 3992 1194 4063 permulta
1211 3993 1302 4049 dehet

77 4119 113 4128 -
132 4091 258 4140 ceterum
276 4083 397 4140 eiusdem
415 4083 523 4155 generis
540 4089 623 4153 atqua
641 4082 671 4138 hi
691 4097 784 4139 omncs
799 4083 988 4152 compendium
1007 4081 1090 4139 etiam
1102 4081 1234 4139 Tatianus
1252 4083 1301 4138 ha·

75 4175 140 4234 huit
159 4178 231 4232 orat.
248 4171 283 4230 sd
300 4173 392 4243 gandi
412 4176 428 4229 2
446 4187 505 4244 sqq.
