3016 4858
726 468 754 524 6.
772 467 817 522 Ile
835 464 982 521 Homeris

331 591 464 658 Proclus
487 591 569 677 [vita
583 592 727 674 Hesiodi,
750 612 783 676 p.
799 594 841 656 47
866 609 913 675 sq.
929 587 1116 674 westarm]
1139 607 1210 656 cum
1227 590 1268 656 ob
1283 597 1445 674 tempomm

242 699 401 766 rationem
423 705 577 782 negasset
599 719 670 766 cum
692 701 833 766 Homero
861 699 1078 765 decertavisse
1099 697 1291 781 Hesiodum,
1320 699 1365 764 ita
1389 717 1445 762 ren
1479 739 1486 762 .

243 807 431 890 explanasse
459 807 521 874 sibi
548 807 691 889 videtur,
721 813 759 874 ut
785 808 922 874 altarum
950 807 1109 890 quendam
1131 805 1306 872 Homerum
1328 805 1446 872 Hesiodi

242 914 364 980 iaceret
391 916 625 982 aduersarium:
654 912 726 979 ἀλλ’
754 917 829 990 ἴσως
856 918 963 1000 ἔτερος
978 911 1116 999 Ὀμηριις
1142 909 1183 998 ἦν
1210 909 1229 976 ὁ
1258 913 1302 1000 τῷ
1325 906 1445 997 Ἡσιόδῳ

242 1021 420 1110 λσόχρονος,
444 1021 463 1088 ὁ
486 1031 543 1090 τοῦ
566 1025 737 1110 Εὔφρονος
758 1033 837 1098 παῖς
860 1017 879 1086 o‘
904 1015 1092 1104 &scedasi
1114 1025 1170 1083 καὶ
1192 1019 1291 1108 conitus
1314 1021 1369 1106 νην
1390 1015 1446 1104 ἔριν

242 1128 445 1215 στησάμενος,
474 1128 535 1196 κάν
563 1133 605 1194 τά
630 1129 691 1214 ἔπη
718 1137 774 1196 τοῦ
802 1133 900 1197 θείου
928 1127 1050 1194 ἐκείνου
1078 1123 1200 1212 ἀνδρὸς
1224 1129 1263 1218 τῇ
1290 1123 1446 1210 ὁμωνυμίᾳ

241 1237 474 1322 πεπλανημένα
502 1239 608 1317 λέγειν
632 1239 746 1304 τοῦτον
773 1234 973 1302 ἐπλάσανσο·
990 1233 1124 1320 Ὄμηροι
1150 1234 1213 1320 γὰρ
1235 1235 1351 1300 πολλοὶ
1370 1229 1446 1313 rard

242 1361 338 1412 νασιν
365 1349 466 1432 ἕτερον
495 1342 578 1431 ζήλῳ
606 1347 662 1412 τοῦ
685 1345 829 1410 παλαιοῦ
853 1343 910 1430 την
932 1341 1046 1429 κλῆσιν
1068 1341 1300 1428 λαμβάνοντες·
1323 1348 1375 1406 καὶ
1394 1341 1447 1424 γὰρ

241 1457 295 1515 καὶ
317 1452 377 1518 τοῦ
401 1455 535 1528 Φωκέως
555 1447 691 1539 Όμηρον
713 1449 825 1518 νούσου
847 1455 951 1538 ἕτερος
979 1446 1118 1536 ὖπάρχει
1145 1448 1296 1536 νεάνερος
1309 1447 1446 1536 Όμηρος·

187 1611 192 1618 .
241 1553 338 1635 οὗτος
359 1556 377 1624 ὁ
398 1559 551 1644 νεώτερος
565 1556 703 1644 Ὄμηρος
724 1553 765 1644 η’ν
787 1569 864 1634 παῖς
879 1553 1106 1642 Ἀνδρομάχου
1128 1561 1173 1644 τῷ
1187 1561 1272 1637 γένει
1287 1553 1447 1634 Βυζάντιος

241 1664 339 1752 ὁιην
361 1663 588 1753 Εὐροπάλειαν
609 1662 819 1751 ποιησαςΜ).
864 1666 1002 1732 Doctum
1030 1666 1114 1732 hunc
1141 1665 1278 1732 indicem
1307 1683 1345 1732 eo
1371 1663 1447 1744 cupi·
1487 1743 1488 1752 η

241 1775 312 1840 dius
346 1774 446 1841 reddo
481 1774 605 1840 auctori
631 1773 818 1854 Laertiano,
854 1791 917 1856 quo
951 1772 1151 1856 frequentius
1185 1778 1237 1840 est
1271 1773 1340 1839 eius
1372 1769 1446 1854 opud

241 1883 490 1966 Neoplatonicos
512 1883 667 1948 memoris
689 1881 778 1948 velut
800 1881 886 1964 apud
908 1881 1129 1964 Porphyrium.
1487 1865 1488 1868 ¹

329 2203 479 2287 Suppleri
501 2209 637 2285 possunt
658 2204 774 2270 multa:
799 2207 834 2270 at
857 2202 1025 2269 exhaurire
1048 2203 1217 2270 materiam
1240 2223 1305 2272 nou
1320 2221 1445 2290 possem,

240 2312 269 2378 si
299 2311 428 2392 vellem3
464 2311 645 2378 adhibenda
674 2311 759 2378 enim
787 2317 873 2376 esset
906 2311 1043 2394 amplior
1074 2311 1214 2378 eruditio
1247 2331 1344 2397 quum
1374 2329 1446 2378 nuuc
1487 2293 1488 2384 Ῐ

152 2491 154 2496 ,
239 2419 399 2502 possideo.
451 2419 571 2498 Quodsi
601 2438 678 2486 vero
707 2419 781 2485 lnuie
808 2419 976 2502 scriptioni
1010 2419 1196 2504 contigerit,
1231 2427 1269 2486 ut
1302 2421 1446 2505 quaedam
1487 2385 1488 2470 λ

239 2527 403 2609 incognita
425 2527 569 2609 scitaque
592 2545 746 2610 perquam
770 2525 868 2608 digua
883 2527 923 2592 de
939 2527 1062 2609 origine
1076 2528 1250 2596 memoriae
1265 2548 1347 2614 quae
1362 2527 1446 2594 hodie

135 2662 141 2674 ·
239 2640 388 2718 superest
409 2633 637 2716 biographicae
660 2640 694 2700 et
709 2633 942 2716 propagatione
958 2635 1124 2704 edocuisse
1139 2655 1160 2701 a
1175 2637 1279 2704 doctis
1294 2642 1328 2702 et
1341 2634 1445 2720 peritis
1487 2641 1488 2728 η

238 2742 353 2808 harum
381 2761 488 2808 rarum
517 2741 790 2808 existimatoribus
817 2741 992 2826 iudicetur,
1026 2743 1155 2828 egregie
1184 2762 1256 2810 cum
1285 2763 1325 2812 ea
1350 2751 1445 2812 actum
1487 2745 1488 2832 i

240 2869 311 2918 esse
335 2849 534 2916 existimabo.

1487 2945 1488 2988 ι

309 3059 358 3132 1⁴⁶)
376 3061 438 3117 Huc
456 3060 547 3117 tendit
563 3061 726 3118 Eustachius
744 3061 773 3116 in
791 3060 869 3117 iliud.
886 3060 973 3132 praei.
991 3077 1018 3132 p.
1036 3066 1065 3118 4:
1086 3059 1122 3126 ὡς
1139 3065 1168 3119 δὲ
1184 3066 1230 3119 ιιιιι·
1243 3065 1444 3140 πολλιΓομιρο
1487 3043 1488 3078 ³

237 3152 283 3207 καὶ
300 3147 362 3206 adri
380 3149 518 3222 ἱστόρησαν
536 3152 623 3223 ἔτερον.

307 3241 422 3296 Proclus
440 3256 501 3296 oum
513 3241 659 3311 Porphyrii
677 3239 793 3295 historia
810 3239 974 3310 philosopus
991 3247 1104 3298 eatenus
1119 3245 1268 3301 concordat
1286 3247 1359 3316 quod
1376 3251 1444 3302 unte

238 3329 388 3385 Hesiodum
410 3329 557 3387 Homerum
582 3329 743 3386 conlocarit.
784 3331 822 3384 At
845 3329 1014 3400 Porphyrius
1038 3331 1085 3403 [ci.
1105 3333 1180 3390 Suid.
1203 3349 1224 3389 s.
1248 3353 1273 3391 u.
1288 3335 1402 3410 ὀμηρος
1421 3339 1444 3388 et

231 3416 366 3491 Ἡσίοδος]
395 3427 502 3476 cautum
529 3435 628 3489 annos,
655 3418 771 3474 Procius
796 3420 1009 3490 quadringentos
1035 3423 1082 3492 [ex
1102 3422 1235 3494 Dionysio
1261 3423 1442 3497 cyclographol

235 3509 418 3579 antiquiorem
437 3511 496 3567 vult
515 3487 671 3567 Homerum.
690 3541 724 3550 -
743 3508 842 3567 Suidas
860 3527 881 3566 s.
900 3527 926 3566 v.
940 3509 1062 3576 Ἡσίοδος
1081 3528 1147 3570 usus
1165 3513 1275 3570 videtur
1293 3513 1442 3588 Porphyris
1487 3591 1488 3598 η
