3010 4866
202 201 225 264 6

204 379 279 442 libri
309 379 431 441 variam
459 375 648 438 exhiberent
675 375 907 440 eruditionem.
931 375 1098 455 opemsins
1121 373 1362 454 conquisivisse.
1385 409 1424 418 —

204 486 293 562 Quae
309 494 470 566 quatenns
487 489 575 545 recte
591 492 751 562 qmtenus
767 499 860 544 secus
875 481 1100 562 disputaverit.
1123 479 1259 544 inferius
1272 487 1423 561 patescet.

294 592 417 668 Quibus
441 588 641 654 Bahnschins
664 587 808 650 differret
838 607 876 650 ea
900 588 1157 652 Xietnscliens
1184 587 1352 669 [Beitrige
1374 605 1425 650 zur

204 699 441 782 quellenlmnde
465 697 531 760 und
553 695 654 758 kritik
677 695 735 757 des
758 695 908 758 laertius
932 695 1094 775 Diogenes
1117 694 1334 763 Basel18i0:
1358 713 1426 775 pro

206 825 351 888 gram
374 803 581 886 paeclagcmii]
610 803 728 883 partim
752 801 894 865 refutare
917 803 1014 883 idque
1038 803 1171 869 iniuria.
1202 803 1323 883 paru'm
1348 821 1427 866 com·
1475 811 1477 906 p

206 933 355 995 pensare.
379 911 533 976 nonnulla
557 911 720 989 corrigere
744 920 880 972 conatus
903 919 964 972 est
1477 922 1478 996 l

298 1020 381 1083 Dein
411 1037 512 1098 usqne
542 1018 584 1080 ad
618 1017 810 1080 novissimos
838 1035 940 1080 annos
963 1027 1124 1080 cessatum
1152 1028 1220 1080 est:
1250 1015 1428 1082 Xietrschei
1478 1028 1479 1082 l

206 1127 291 1191 enim
311 1125 430 1206 placita
447 1125 533 1187 -si
557 1123 758 1186 dubitantem
780 1125 945 1203 exceperis
962 1124 1175 1204 Roepernm
1200 1123 1327 1206 [philol.
1344 1122 1428 1188 XXX
1479 1136 1480 1174 t

207 1232 325 1316 [leto]
349 1250 379 1312 p.
398 1231 477 1313 itti]
493 1267 537 1276 -
557 1249 668 1294 omnes
691 1229 967 1310 amplexabantur.
991 1231 1169 1311 exquibus
1192 1229 1313 1296 sufficit
1335 1231 1431 1294 nomi-
1480 1242 1481 1262 ¹

208 1358 303 1404 nasse
328 1337 608 1404 Susemililium
632 1337 726 1418 [mus.
752 1336 841 1400 rhen.
867 1337 971 1401 XXl'l
996 1337 1113 1420 [pen]
1137 1357 1168 1418 p.
1193 1339 1269 1402 336.
1311 1338 1430 1402 Aristo
1481 1348 1482 1374 ¹

209 1447 285 1510 telis
309 1446 446 1510 Pulitica
469 1463 501 1525 p.
525 1444 630 1508 xnln
654 1463 685 1507 n
708 1447 761 1508 ῖῖ.
784 1443 824 1508 ci.
848 1445 947 1508 litter.
973 1445 1182 1508 centralblatt
1202 1446 1288 1510 1819
1312 1445 1345 1510 in
1368 1451 1431 1508 stu·
1482 1454 1483 1460 ’

209 1553 335 1616 diorum
376 1552 659 1617 Hellenisticorum
688 1550 736 1614 111
770 1550 1011 1616 Frendentlialii
1052 1552 1201 1636 censura]
1243 1553 1283 1616 D.
1320 1553 1432 1616 Volk-

209 1679 387 1726 mannum
423 1660 546 1743 [progr.
582 1659 739 1722 Portense
779 1659 812 1721 in
852 1658 1005 1722 honorem
1041 1659 1075 1723 C.
1112 1658 1220 1724 Peteri
1258 1659 1360 1744 1873]
1399 1659 1432 1722 Ο.

210 1768 489 1834 Schneidernm
515 1764 745 1848 [Callimachea
768 1765 799 1828 ll
822 1784 853 1846 p.
875 1769 917 1829 28
935 1766 997 1849 sap]
1022 1766 1057 1830 F.
1075 1766 1270 1830 Rolideum
1294 1769 1435 1849 saepius·

211 1877 290 1940 cale.
338 1875 463 1940 Plausit
490 1875 589 1937 etiam
619 1873 658 1937 G.
688 1872 858 1936 liernius
887 1873 1146 1955 [Bemerkungen
1182 1892 1254 1938 zum
1285 1875 1324 1938 X.
1355 1873 1436 1938 buch

212 1982 270 2045 des
294 1981 442 2045 Laertius
466 1980 638 2060 Diogenes.
667 1999 775 2061 propr.
801 1980 1008 2044 Prenzlaiiae
1036 1981 1145 2064 1813}
1169 2001 1240 2046 cum
1264 1983 1338 2063 ipse
1361 1980 1436 2046 nihil

213 2107 345 2169 prorsus
369 2085 550 2167 proficeret„

302 2193 381 2258 Sero
405 2213 425 2256 a
448 2194 559 2273 paucis
580 2201 614 2258 et
636 2195 778 2258 breuiter
794 2193 1026 2258 contradictum
1050 2203 1110 2258 est
1148 2193 1290 2271 Quorum
1307 2197 1437 2277 primns,

213 2307 373 2382 qnatenus
402 2301 483 2378 scio,
509 2301 833 2365 Wilamowitzius
867 2300 930 2364 luit
963 2309 997 2365 et
1024 2302 1058 2366 ia
1092 2301 1210 2366 scholis
1238 2309 1272 2366 ct
1302 2303 1437 2383 publice.

215 2407 275 2484 Qui
304 2426 374 2470 cnm
404 2407 435 2470 in
466 2407 576 2471 Herm.
606 2409 652 2472 XI
679 2407 795 2492 [1816]
820 2428 850 2488 p.
876 2409 940 2471 303
968 2407 1188 2490 biograpntca.
1217 2428 1303 2490 quae
1334 2411 1441 2474 insunt

215 2515 248 2578 in
264 2513 414 2577 Numenii
437 2515 508 2596 napi
531 2521 584 2596 τῆς
599 2521 665 2578 τῶν
682 2511 932 2598 Ἀκαδημαϊκῶν
954 2517 1035 2598 πρὸς
1058 2513 1220 2578 Πλάτωνα
1242 2514 1442 2588 διαστάσεως

216 2621 326 2685 libello
350 2619 452 2703 [edito
476 2641 496 2685 a
519 2622 686 2704 lliedinga
708 2624 741 2686 in
767 2623 844 2686 diss.
870 2623 1002 2688 Bonnae
1029 2623 1138 2706 1815}
1162 2629 1297 2704 propter
1321 2621 1442 2687 Laertii

217 2729 371 2809 Diogenis
401 2728 642 2792 similitudinem
671 2729 712 2792 ad
736 2729 886 2794 Favorini
916 2731 1129 2810 ‘omnigenam
1156 2729 1336 2794 historiam’
1365 2729 1443 2794 rele-

217 2835 317 2900 renda
340 2835 512 2903 coniceret.
537 2856 599 2900 non
625 2836 726 2900 solum
743 2837 783 2900 de
807 2844 958 2918 receptae
982 2837 1142 2918 opinionis
1160 2835 1224 2900 lide
1247 2837 1444 2918 desperarit.

218 2961 329 3006 rerum
346 2943 388 3006 ad
404 2944 574 3007 vamtatem
590 2962 691 3024 prope
708 2945 772 3007 iarn
787 2944 857 3024 ipse
873 2947 1019 3008 accessit.
1059 2945 1230 3026 Quousque
1246 2951 1323 3008 tnnc
1340 2963 1445 3008 acces

218 3051 298 3116 serit
322 3047 366 3113 ibi
393 3069 457 3114 cion
486 3049 606 3114 dictum
635 3058 693 3114 est.
731 3088 771 3096 —
808 3051 900 3114 Alter
933 3051 973 3114 Η.
1004 3051 1205 3116 Dielesins
1231 3051 1344 3132 paullo
1376 3057 1444 3134 post

219 3157 312 3240 [mus.
343 3155 431 3220 rheu.
458 3155 565 3220 XXXI
588 3157 705 3241 [1876]
729 3177 760 3239 p.
785 3158 828 3222 30
844 3157 891 3242 n]
915 3165 1028 3222 contra
1053 3158 1233 3222 Nietrschei
1258 3157 1298 3222 de
1324 3157 1446 3222 Laertii

219 3282 289 3327 omn
318 3263 478 3344 Hesychia
514 3282 636 3328 conexu
671 3265 853 3346 opinionem
883 3284 986 3346 panca
1014 3265 1176 3328 disseruit.
1229 3263 1276 3327 De
1308 3263 1447 3346 singulis

219 3377 368 3434 accurate
392 3369 476 3432 idem
500 3370 549 3434 vir
565 3371 679 3436 doctus
702 3373 734 3435 in
752 3372 933 3436 admirabili
958 3371 1013 3436 illo
1037 3373 1078 3434 de
1102 3369 1331 3452 ‘doxngraphis
1358 3389 1448 3454 grae·

220 3477 273 3540 cis'
301 3495 397 3556 opere
423 3477 567 3556 scripsit,
598 3477 682 3541 unde
712 3477 788 3540 mihi
818 3478 954 3558 posthac
981 3479 1084 3544 multa
1112 3485 1146 3543 et
1175 3477 1320 3560 pretiosa
1355 3485 1448 3542 erunt

220 3583 414 3648 advocanda.
441 3619 482 3628 -
507 3583 652 3665 Denique
676 3584 1016 3650 Frendenthalius
1039 3587 1131 3668 [Ἠοῖ
1151 3585 1340 3650 Platoniker
1364 3587 1450 3652 aloi-

220 3708 281 3752 nus
315 3689 380 3753 und
413 3690 469 3753 der
503 3689 623 3754 lalsche
657 3690 820 3756 Alkinoos'
859 3693 968 3756 Berlin
1006 3695 1090 3757 1819
1126 3712 1157 3773 p.
1193 3693 1258 3756 305
1289 3695 1378 3778 sqq.]
1412 3694 1449 3756 de

222 3795 343 3860 laertii
373 3797 557 3861 auctoribus
586 3798 777 3878 disputavit,
807 3799 904 3881 idque
931 3801 979 3864 ita
1002 3805 1039 3864 ut
1067 3797 1248 3862 Nietzschei
1278 3816 1450 3880 argunmen·

223 3901 356 3966 tationis
380 3911 542 3968 momenta
566 3905 683 3986 partim
707 3905 872 3970 refelleret
888 3905 1070 3972 rationibus
1088 3905 1195 3984 certis,
1220 3905 1342 3986 partim
1367 3907 1449 3972 dice·

225 4015 275 4074 ret
303 4029 374 4074 esse
403 4011 588 4078 refellenda.
637 4011 759 4076 Novum
791 4013 877 4094 quod
906 4013 1120 4078 substitueret
1142 4031 1177 4077 se
1201 4031 1264 4076 non
1288 4012 1451 4080 iuvenisse

224 4115 325 4182 libere
353 4115 483 4182 fatetur.
