3010 4866
1226 193 1327 258 75.

257 363 425 425 Laertius.
774 365 964 436 Anonymns
981 382 1007 436 p.
1028 369 1053 436 6,
1075 367 1107 422 19
1127 381 1185 436 sqq.

68 485 112 545 coi
147 483 268 566 πατρὸς
311 477 415 552 advoc
456 479 538 567 μετὰ
575 483 631 546 καὶ
685 482 767 567 perd
789 485 846 548 καὶ
869 483 980 550 ἄλλον
1000 481 1176 569 κληρούχου
1190 503 1269 566 πομ-

69 585 160 654 ullor
179 592 390 672 πεμφθέντος
412 586 598 674 κληρούχου.
687 593 832 674 φθόνους
860 587 896 654 ὂν
922 596 958 680 τῇ
975 591 1094 680 Αἰγίνῃ
1119 587 1182 656 ὑπὸ
1205 591 1270 654 τῶν

681 692 880 783 Ἀθηναίων.

70 794 241 864 Fauorinum
265 816 336 864 esse
362 798 584 881 ‘biographum
609 799 700 864 illum
724 800 930 866 communem‘
956 806 1104 882 apertum
1128 805 1185 866 est.

138 905 250 971 Altera
272 911 383 970 manet
405 907 553 998 quaestio
576 907 654 990 quid
678 907 718 972 de
742 907 783 972 iis
806 925 888 989 quae
908 925 967 972 nec
983 907 1145 990 Diogenes
1167 925 1271 990 neque

70 1007 202 1090 Apuleius
230 1011 410 1096 praebeant
437 1049 482 1060 -
511 1018 586 1080 sunt
614 1013 698 1078 enim
727 1013 813 1080 hand
841 1014 1094 1096 spernenda-
1122 1015 1165 1080 sit
1189 1013 1271 1080 iudi-

71 1117 194 1184 undum.
242 1119 289 1184 Ac
311 1119 450 1202 primum
472 1120 602 1203 quidem
626 1121 784 1188 somnium
807 1121 951 1188 Platonis
980 1121 1074 1188 simul
1097 1141 1169 1188 cnm
1192 1123 1273 1190 Sim·

70 1223 135 1290 uiae
161 1226 317 1293 Socratici
355 1228 625 1310 interpretatione
653 1248 683 1311 p.
717 1231 746 1309 6,
776 1230 818 1294 37
853 1235 1023 1312 parentum
1059 1231 1091 1296 in
1120 1231 1273 1313 Hymetto

70 1332 242 1400 smmficium
265 1353 296 1418 p.
324 1337 354 1415 6,
379 1337 421 1400 29
454 1331 506 1422 [cf.
537 1335 706 1402 Aelianum
730 1337 759 1402 X
783 1339 835 1404 21.
871 1337 942 1404 Val.
974 1337 1057 1404 Mar.
1088 1337 1136 1404 lll
1160 1341 1179 1404 6
1203 1335 1273 1426 iim]

70 1435 120 1504 duo
134 1441 289 1524 Apollinis
312 1442 453 1524 oracula,
477 1462 541 1526 quo
565 1444 743 1510 sciscitanti
767 1445 935 1527 respondit
952 1445 1004 1511 dei
1027 1447 1131 1512 instar
1154 1447 1274 1513 animo·

70 1555 183 1632 rumque
211 1550 370 1622 medicum
398 1569 470 1616 essa
492 1551 670 1632 Platonem,
700 1551 780 1618 nihil
808 1553 943 1634 impedit
969 1553 1139 1636 quominus
1162 1553 1274 1619 eodem

72 1651 242 1722 referantur.
300 1658 383 1724 Item
413 1678 496 1743 quae
524 1661 565 1726 de
593 1661 755 1726 Draconte
790 1661 912 1728 musico
939 1660 1084 1726 Platonis
1119 1661 1274 1744 magistro

71 1758 102 1824 de
122 1763 245 1832 Timaeo
280 1766 409 1850 dialogo
444 1786 482 1834 ex
511 1768 633 1834 Timaei
662 1768 745 1834 libro
780 1769 993 1851 transscripta
1028 1765 1080 1855 [cl.
1111 1767 1274 1834 Timonem

72 1871 141 1948 apud
163 1872 300 1939 Gellium
324 1873 452 1964 11117]
482 1876 522 1942 de
552 1876 604 1941 die
633 1876 734 1941 natali
763 1875 803 1941 ab
832 1875 1083 1942 Atheniensibus
1113 1874 1275 1942 celebrato

72 1973 102 2039 le
121 1980 210 2048 rebus
233 1982 275 2048 ah
299 2001 338 2048 eo
362 1984 502 2052 inuentis
517 1983 669 2067 leguntur
684 2021 728 2034 -
744 2003 817 2050 nam
834 1984 869 2050 L.
887 1984 1005 2050 verba
1021 1981 1219 2050 solummodo
1243 1987 1276 2048 et

72 2099 152 2152 uuum
177 2089 359 2156 httararnm
383 2109 484 2174 genus
507 2088 544 2156 ui
568 2089 756 2169 dcoiorrao'u
779 2091 980 2157 enumeravit
1004 2127 1049 2140 -
1072 2089 1124 2156 vix
1147 2088 1275 2156 aliunde

72 2189 196 2260 subiecta
219 2201 304 2262 sunt.
353 2197 611 2282 Theophrastum
634 2217 705 2266 cum
729 2203 826 2264 antea
849 2197 1019 2282 Tyrtamus
1043 2201 1212 2264 vocaretur
1236 2197 1276 2262 ab

70 2293 227 2369 Aristotele
256 2305 297 2370 oh
326 2309 426 2370 θείου
448 2303 572 2391 φράσιν
599 2323 715 2375 nomen
745 2325 836 2372 suum
864 2307 1027 2388 accepisse
1055 2305 1186 2370 tametsi
1212 2323 1276 2370 non

71 2399 97 2464 in
111 2403 247 2476 Platonis
271 2412 340 2476 vita
362 2417 398 2477 at
420 2413 453 2478 in
471 2413 714 2496 Theophrastea
737 2432 800 2495 quo
816 2413 909 2479 unice
924 2413 1064 2496 qrradrat
1079 2411 1276 2495 biographus

70 2505 245 2584 laertianns
269 2515 311 2606 [V
335 2519 392 2604 38]
421 2526 626 2599 narraveram
657 2520 741 2588 idem
770 2521 810 2586 de
833 2521 969 2586 Platone
997 2521 1140 2586 Socratis
1168 2518 1276 2585 delen·

71 2632 133 2684 sore
154 2624 180 2688 si
200 2645 265 2690 non
288 2626 321 2692 in
346 2626 412 2692 vita
427 2627 573 2692 Platonis
595 2663 640 2674 -
663 2632 773 2693 tacent
795 2627 878 2692 enim
895 2627 1050 2708 Apuleius
1073 2632 1107 2692 et
1127 2627 1277 2692 Laertius

70 2758 107 2770 -
121 2736 202 2798 uerte
217 2733 250 2798 in
266 2732 411 2799 Socratis
425 2734 493 2800 uita
508 2734 636 2800 dixerat
652 2734 826 2800 secundum
841 2734 991 2800 Iustum
1008 2734 1277 2800 Tiheriensem

71 2829 211 2906 Hadriani
244 2841 413 2924 amuulem
450 2839 502 2929 [cf.
532 2842 641 2908 Laert.
672 2841 704 2907 11
733 2844 784 2908 20.
829 2842 908 2924 Bp.
934 2845 964 2922 7,
995 2842 1046 2907 23.
1090 2840 1214 2922 Olymp.
1244 2841 1277 2905 in

72 2936 209 3024 Gorgiam
232 2967 263 3030 p.
289 2943 380 3036 392}
427 2949 499 3014 Duo
523 2954 695 3030 praeterea
718 2948 860 3014 Timonis
882 2949 1096 3030 misanthropi
1119 2947 1278 3030 epigram·

72 3052 149 3113 nato
170 3052 365 3138 Porphyrius
393 3059 450 3120 aut
480 3073 519 3120 ex
546 3055 697 3120 Favorini
725 3055 793 3120 uita
821 3055 963 3122 Timonis
988 3051 1040 3142 [cf.
1065 3054 1202 3120 indicem
1226 3054 1278 3119 Ti-

71 3157 199 3248 mauum]
221 3167 279 3228 ant
301 3181 341 3229 ex
364 3163 553 3244 anthologia
576 3159 650 3250 [Vll
674 3159 819 3250 60-62]
844 3162 990 3246 sumpsit.

148 3265 308 3336 Hactenus
331 3270 371 3336 de
393 3269 582 3354 Porphyris.

151 3376 181 3439 4.
203 3377 373 3461 Porphyrii
396 3397 458 3462 ope
481 3397 520 3443 cx
537 3377 731 3444 Laertiadae
753 3378 841 3444 vitae
864 3377 1033 3461 particulis
1056 3381 1154 3444 antea
1176 3377 1278 3442 incer-

72 3475 109 3540 tis
130 3479 180 3564 [cl
202 3504 232 3567 p.
258 3485 314 3570 66]
338 3485 497 3552 Favorino
519 3484 612 3551 reddi
636 3489 773 3567 possunt

110 3605 138 3668 p.
162 3592 212 3672 69,
236 3595 366 3660 20-24
389 3592 478 3660 Mors
501 3592 723 3676 [Hermippus
747 3591 928 3677 Neanthes]
951 3591 1025 3674 Bp.
1051 3595 1082 3672 9,
1107 3593 1159 3657 22.

236 3702 367 3766 42-44
390 3700 513 3768 Nomen
537 3699 741 3784 [Neanthcsl.

110 3821 139 3884 p.
164 3809 365 3888 7939-41
391 3809 565 3876 Academia
587 3807 745 3892 [Eupolis
770 3807 875 3892 Timo]
947 3807 1021 3888 Bp.
1047 3807 1078 3886 8,
1105 3808 1156 3872 11.

110 3929 139 3992 p.
163 3915 215 3996 73,
260 3918 365 3982 8-11
391 3916 568 4000 Sophronis
590 3915 733 3982 studium
1047 3915 1155 3992 7,10.

110 4037 139 4100 p.
164 4025 217 4102 77,
242 4025 281 4088 15
299 4043 367 4108 sqq.
392 4024 471 4092 Cum
493 4023 627 4092 Socrate
649 4023 819 4090 inimicitia
1048 4023 1078 4100 7,
1102 4021 1155 4086 31.

111 4147 139 4209 p.
164 4133 218 4210 79,
240 4133 283 4196 38
300 4151 367 4215 sqq.
391 4132 522 4216 Dialogi
545 4131 698 4200 inventio.
1049 4131 1080 4209 9,
1106 4131 1157 4194 17.
