3010 4866
1278 200 1319 264 25

180 377 525 461 τιοσαρεσιιαιδέιτατος
540 373 683 462 Ἐφέσιος
707 375 875 463 ζωγράφος
903 371 941 442 οὖ
969 382 1125 462 μέμνηται
1149 376 1321 463 Θεοφάνης

80 487 119 552 ἐν
146 489 198 571 τῷ
223 491 296 571 περὶ
319 491 486 570 γραφικῆς.

181 591 409 675 Menipporurn
432 591 477 658 VI
503 593 564 657 105
588 594 740 674 τέταρτος
763 587 1048 676 ἀνδριαντοποιός·

181 704 328 782 πέμπτος
350 707 404 763 καὶ
427 702 516 776 ἕκτος
539 698 716 786 ζωγράφοι·
744 701 903 784 μέμνηται
932 697 963 762 δ’
988 695 1182 786 ἀμφοτέρων
1198 695 1320 764 Ἀπολ-

81 807 244 889 λόδωρος.

181 913 441 995 Pythagorarum
464 913 541 979 VIII
565 916 606 978 47
636 910 667 980 οἱ
690 913 726 976 δὲ
749 917 803 977 ταὶ
827 913 933 978 ἄλλον
959 910 1234 998 ἀνδριαντοποιὸν
1252 910 1322 998 Ῥη-

80 1031 185 1098 γῖνον
217 1023 386 1098 γεγονέναι
418 1019 499 1103 φασὶ
532 1017 735 1106 Πυθαγόραν
763 1025 893 1106 πρῶτον
924 1019 1081 1086 δοκοῦντα
1110 1019 1241 1107 ῥυθμοῦ
1268 1019 1323 1083 καὶ

81 1130 292 1211 συμμετρίας
315 1123 530 1208 ἐστοχάσθαι·

182 1235 239 1298 καὶ
262 1233 366 1299 ἄλλον
389 1230 668 1318 ἀνδριαντοποιὸν
690 1231 825 1318 Σάμιον.

182 1340 355 1407 Thaletum
379 1341 463 1406 altar
485 1341 501 1406 I
525 1342 567 1408 38
592 1339 762 1425 ζωγράφος
784 1339 960 1418 Σικυώνιος
981 1341 1204 1429 μεγαλοφυής·

182 1455 320 1532 quartus
344 1443 381 1514 οὗ
404 1451 562 1534 μέμνηται
587 1448 707 1534 Δοῦρις
729 1447 766 1514 ἐν
787 1449 832 1535 τῷ
854 1455 930 1536 περὶ
954 1449 1141 1536 ζωγράφων.

183 1557 414 1637 Duodeviginti
443 1557 627 1622 enumeravi
650 1557 826 1622 statuarios
850 1557 991 1638 pictores
1020 1557 1213 1639 sculptores,
1244 1577 1323 1624 non-

81 1667 199 1731 nulios
231 1665 271 1728 de
299 1664 431 1729 oonsilio
460 1664 562 1729 omisi.
615 1664 812 1746 Quamquam
841 1665 921 1730 satis
945 1665 1010 1730 scio
1040 1666 1194 1747 quosdam
1225 1667 1323 1731 etiam

83 1771 237 1838 artifices
261 1771 302 1835 ad
326 1770 528 1836 scribendum
544 1770 708 1853 adpulisse
732 1771 882 1852 animum,
907 1776 940 1836 et
963 1777 1039 1836 sunt
1061 1773 1116 1854 qui
1134 1772 1214 1838 illud
1229 1791 1323 1855 prae·

85 1880 243 1946 stiteriut
272 1879 305 1942 iu
332 1877 490 1944 indicibus
521 1877 704 1944 Laertiauis
732 1877 835 1962 [reiut
861 1879 1017 1943 Demetrii
1052 1879 1114 1945 duo
1144 1915 1186 1924 —
1218 1881 1323 1962 pictor

84 1995 120 2053 et
135 1986 321 2052 statuarius
337 2021 376 2032 -—
395 1985 595 2050 Xenocrates
611 1984 695 2068 alii]:
712 2002 875 2067 nunquam
890 1991 1008 2066 tamen,
1026 1987 1152 2052 etiarnsi
1169 1987 1324 2055 certiores

83 2095 170 2162 ruihi
202 2112 268 2158 nou
304 2097 515 2174 suppeterent
542 2091 701 2172 rationes,
737 2093 900 2158 crederem
928 2093 1157 2160 Scheuerleero
1193 2113 1323 2162 omnes

84 2205 254 2286 quotquot
267 2217 366 2281 supra
377 2198 523 2264 recensui
536 2199 736 2280 scriptitasse
747 2200 898 2264 censenti.
924 2200 1048 2265 Vanam
1058 2201 1142 2266 enim
1154 2203 1324 2285 proposuit

83 2311 174 2375 hauc
198 2309 375 2372 rationem:
399 2306 692 2372 Demonstrandum
715 2311 767 2372 est
788 2311 920 2388 praeter
948 2308 1124 2390 scriptores
1147 2315 1323 2394 poetasque

81 2415 254 2482 nominari
269 2414 438 2478 neminem.
474 2413 543 2478 Iam
558 2431 635 2478 vero
652 2431 690 2478 ox
706 2433 769 2479 uuo
786 2413 948 2480 hominum
965 2433 1082 2497 genere
1096 2417 1323 2498 septemdecim

81 2527 292 2604 comparent,
318 2539 453 2602 quorum
468 2525 593 2586 tautum
609 2519 703 2586 abest
717 2527 755 2586 ut
769 2521 919 2586 laudetur
936 2522 1096 2588 scribendi
1112 2525 1263 2605 studium,
1287 2531 1324 2590 ut

80 2631 187 2715 plane
204 2627 272 2694 alia
288 2635 385 2710 atque
402 2627 529 2692 diversa
545 2633 841 2709 commemorentur,
863 2629 951 2694 velut
966 2627 1169 2712 Pythagorae
1185 2630 1323 2714 Rhegini

80 2736 294 2822 symmetria,
324 2733 467 2801 Thaletis
497 2735 654 2816 gravitas3
691 2735 730 2800 de
754 2735 910 2800 Arcesilai
940 2737 1101 2818 sculpture
1126 2738 1324 2820 epigramma

80 2843 322 2913 Simonideum.
382 2842 495 2908 Testes
533 2841 694 2924 prodeunt
731 2842 862 2909 Polemo
897 2843 1076 2925 Antigonus
1110 2845 1324 2926 Apollodoros

80 2947 358 3033 chronographus
396 2949 569 3032 Hipponax
609 2947 820 3031 Theophanes
859 2949 1052 3015 Menodotus
1089 2951 1200 3016 Duris:
1247 2951 1324 3034 quid

79 3065 254 3128 testentur
270 3057 409 3122 celatum
426 3062 490 3135 est3
515 3056 698 3122 litterarum
715 3056 856 3122 studium
872 3056 925 3122 rix
940 3061 1077 3138 possunt
1091 3057 1205 3123 testati
1221 3058 1324 3122 videri

80 3167 273 3246 Antigonus
297 3169 331 3228 et
354 3163 495 3243 Polemo,
519 3161 607 3228 nullo
631 3168 726 3252 pacto
749 3163 931 3246 Hipponax.
979 3163 1196 3230 Nihilotameu
1220 3165 1324 3230 secius

80 3275 152 3340 iste
178 3271 264 3354 quod
291 3271 431 3352 probare
458 3269 548 3335 nullo
571 3275 666 3352 pacto
690 3276 798 3353 potest
826 3269 955 3337 fortiter
983 3269 1146 3352 adfirmat,
1172 3270 1324 3336 circulum

82 3399 187 3464 quem
209 3378 306 3460 logici
331 3378 442 3442 dicunt
464 3377 615 3444 vitiosum
638 3396 658 3442 a
682 3396 717 3444 se
740 3378 914 3444 admissum
938 3397 1009 3444 esse
1032 3378 1173 3460 ignarus.

181 3486 315 3551 AccedIt
337 3485 486 3553 alterum.
534 3487 595 3565 Qui
618 3485 669 3552 vel
699 3487 781 3551 sexti
810 3486 976 3568 quintique
1004 3485 1124 3551 saeculi
1148 3487 1324 3552 statuarios

85 3633 127 3642 —
158 3593 248 3658 velut
270 3593 406 3658 Bionem
422 3591 645 3676 Anaxagoram
664 3593 880 3675 Pythagoram
896 3593 996 3657 -de
1021 3597 1091 3658 arte
1115 3611 1174 3659 sua
1198 3595 1324 3676 scripti·

83 3707 181 3766 tasse
205 3705 324 3780 censet,
349 3701 377 3764 is
398 3717 529 3781 prosam
545 3701 723 3767 orationem
739 3700 795 3765 illo
813 3701 939 3765 demum
956 3705 1101 3783 ternpore
1118 3719 1138 3764 a
1153 3703 1324 3783 perpaucis

83 3811 239 3890 coeptam
263 3825 335 3872 esse
359 3807 453 3872 condi
476 3807 573 3890 plane
601 3807 808 3873 obhviscitur.

183 3913 262 3980 Aliis
296 3919 371 3979 utar
396 3914 559 3996 exemplis.
602 3913 814 3996 Epicurorum
845 3913 876 3978 x
904 3915 946 3978 26
981 3916 1085 3998 τρίτος
1119 3909 1323 3998 ὁπλομάχος·

85 4022 304 4088 tristatarum
338 4021 367 4085 V
398 4021 440 4084 35
476 4020 610 4106 ἕβδομος
644 4021 855 4107 παιδοτρίβης
888 4017 930 4096 ὡς
958 4016 1179 4106 Ἀριστόξενος
1211 4021 1248 4088 ἐν
1280 4023 1325 4110 τῷ

87 4125 272 4203 Πλάτωνος
320 4132 396 4213 phgr·
441 4125 606 4194 Cratetum
649 4129 693 4195 IV
737 4129 779 4194 23
823 4133 928 4214 τρίτος
971 4125 1180 4214 ταφρωρύχος
1215 4123 1323 4208 Ἀλεξ-
