3010 4866
1231 222 1272 286 31

55 391 198 481 δρότηιος
227 397 273 471 εἷς
299 394 430 481 πλῆθος
456 399 513 460 καὶ
540 393 719 483 λεπτότητα
746 395 929 481 πνεύματος
955 393 1096 478 ἀνοίσει,
1125 397 1278 484 καθάπερ

56 504 140 584 ολμαι
155 498 481 586 καὶἚρασλσιρατος.
516 503 745 571 Scheuerleero
762 505 884 572 arbitro
901 506 1059 572 Athenaei
1075 507 1279 574 adversarius

56 617 121 674 crat
150 609 370 692 Asclepiades.
417 611 487 694 Ego
515 612 624 694 potius
653 611 810 678 Galenum
834 613 929 678 audio
958 613 1183 695 disserentem,
1214 634 1277 680 non
1350 623 1354 638 ·

56 719 273 801 Asclepiadem
298 717 558 802 [c.100a.(lhr.
580 739 611 786 n.
637 718 674 784 cl.
692 719 817 785 Haeser
840 738 871 802 p.
890 721 954 786 262
978 720 1073 805 sqq.],
1098 721 1126 786 si
1149 721 1278 804 quidem

57 830 160 890 ortam
190 823 299 890 hrtura
322 823 581 904 καταγελάσεται
604 832 638 892 et
661 822 798 906 ἀνοίσει,
822 844 885 891 non
909 827 1103 907 praesentia.
1128 865 1173 874 -
1194 828 1278 892 Exa-

55 931 206 996 minemus
244 930 381 996 alterum
417 930 533 997 Galerii
570 932 675 998 locum
709 931 786 997 VIII
819 950 850 1013 p.
878 934 941 1024 749
977 932 1087 998 thn:
1123 935 1177 996 καὶ
1215 935 1277 1019 πρὸ

55 1039 180 1104 πάντων
204 1037 326 1103 ἐκείνου
348 1042 490 1125 μέμνησο
512 1039 571 1104 τοῦ
592 1043 687 1125 μέχρι
709 1038 801 1122 deripe
824 1035 935 1122 μόνοιν
957 1037 1075 1121 σχεδὸν
1101 1036 1165 1106 τῶν
1182 1038 1278 1128 Ἡρο-

56 1145 181 1229 putator
203 1139 290 1230 ἡμᾶς
314 1145 388 1220 τούς
411 1143 505 1230 ὄρους
526 1149 807 1232 τιροιιτχειρλσθαι,
830 1144 963 1210 πολλῶν
990 1152 1045 1210 rol
1071 1158 1137 1224 autc
1153 1143 1279 1235 Ἐρασι-

56 1257 227 1340 στρατείοις
249 1251 303 1316 καὶ
325 1259 390 1327 τοῖς
406 1248 701 1340 Ἀσκληπιαδείους
727 1250 906 1333 γεγονότων
934 1249 1038 1341 ὥσπερ
1067 1278 1104 1334 re
1130 1259 1185 1320 καλ
1212 1266 1279 1331 τοῖς

56 1357 108 1423 ἀπ’
123 1357 305 1446 Ἀθηναῖοι)
327 1361 384 1424 τοῦ
400 1359 585 1436 Ἀτταλέιος
608 1359 662 1436 οὓς
688 1359 918 1445 πνευματιτοὺς
933 1356 1150 1445 ὀνομάζουσιν
1172 1365 1202 1428 ιλ
1224 1363 1279 1428 καλ

55 1465 92 1550 μὴ
103 1466 265 1532 τοσούτων
278 1462 361 1550 ὅροιν
374 1463 491 1550 [ὄντοιν
502 1465 778 1551 Wilamowitaius]
796 1463 879 1550 ὅμως
893 1467 973 1550 γοῦν
984 1470 1142 1536 τοσούτων
1153 1471 1278 1555 εἰρημέ-

57 1597 123 1640 νον.
170 1575 257 1640 ldira
279 1593 357 1640 saue
380 1573 496 1640 levitas
520 1574 720 1640 Athenaeum
744 1575 935 1657 Asclepiade
965 1577 1178 1659 antiquiorem
1203 1577 1278 1644 hino

57 1681 283 1763 extorquentisl
318 1680 544 1746 —Athenaei
578 1681 749 1763 disciplina
776 1682 804 1746 is
833 1699 852 1746 a
887 1701 949 1764 quo
978 1683 1070 1749 nobis
1099 1683 1277 1749 exeundum

57 1793 120 1852 orat
147 1787 289 1853 imbutus
320 1792 371 1852 est
401 1787 587 1854 Theodorus
614 1789 890 1870 pneumaticorum
922 1789 1053 1854 assecla.
1105 1791 1173 1854 Iam
1201 1809 1277 1856 vero

57 1893 219 1979 Plinios²⁹)
245 1895 287 1960 ad
304 1894 464 1960 Theodori
480 1899 583 1960 artem
599 1895 786 1976 provocavit
801 1895 898 1977 idque
921 1896 968 1961 ita
991 1902 1028 1962 ut
1043 1897 1276 1963 Erasistratum

57 2009 260 2084 compararet.
317 2001 415 2067 Vides
450 2001 511 2066 viri
529 2003 780 2067 auctoritatem.
836 2001 914 2068 (lum
943 2002 1027 2068 alter
1058 2005 1185 2070 omnino
1214 2023 1278 2070 non

57 2111 143 2171 notus
167 2107 210 2172 sit
233 2107 431 2189 Theodorus,
456 2108 526 2174 iura
550 2109 591 2173 ad
614 2108 774 2174 Athenaei
797 2109 973 2175 redibimus
997 2110 1198 2192 discipulum.

137 2215 166 2280 d.
193 2215 402 2281 Thaletum
425 2215 499 2282 138
523 2219 668 2300 πέμπτος
690 2216 840 2301 νεώτερος
862 2218 991 2296 ἄδοξος,
1016 2212 1059 2282 οὗ
1083 2221 1277 2303 μέμνηται

56 2319 258 2397 Διονύσιος
297 2323 338 2387 tr
381 2327 592 2408 Κριτικοῖς·
632 2323 728 2390 Mitto
769 2325 969 2390 coniecturas
1014 2321 1062 2391 ‘e'r
1100 2322 1277 2409 Κρητικαί

57 2425 239 2510 Caecubum,
254 2425 541 2515 ‘'Oracpoapiruotc’
553 2427 763 2512 Bernhardyi.
781 2430 867 2496 Male
880 2432 978 2496 etiam
990 2431 1113 2512 placuit
1124 2429 1278 2496 Gracfeu·

56 2531 145 2600 hauio
160 2537 306 2618 Dionysii
329 2536 461 2602 Thracis
484 2535 602 2602 librum
625 2537 732 2602 nescio
756 2556 851 2620 quem
875 2536 1058 2620 significari.
1098 2537 1278 2603 Halicar-

56 2644 233 2707 nasensis
261 2642 370 2724 potius
398 2643 481 2708 liber
504 2642 575 2728 περὶ
601 2641 761 2726 μιμήσεως
789 2649 839 2709 est
861 2645 1106 2726 intellegendus.
1154 2645 1190 2710 Iu
1215 2665 1278 2728 quo

56 2765 120 2812 cum
136 2753 302 2814 exerceret
316 2747 464 2836 ἀρχαίων
486 2755 590 2837 κρίσιν
613 2751 741 2832 etipse,
769 2753 921 2838 ‘apscondo'
947 2753 1016 2817 iure
1036 2751 1219 2818 nominatur
1237 2789 1276 2798 -

57 2853 138 2920 uelut
165 2855 199 2920 in
227 2856 313 2922 lsaei
340 2857 409 2922 vita
438 2857 536 2922 tertia
560 2855 798 2940 [Westermann
827 2877 859 2940 p.
877 2859 939 2922 261
974 2858 1101 2924 conlato
1124 2858 1278 2940 Dionysio

57 2959 92 3024 de
106 2961 197 3028 Isaeo
220 2982 251 3044 p.
272 2965 336 3027 586
353 2981 400 3046 sq.
417 2963 550 3047 Reiske]
567 2999 610 3010 -
627 2969 660 3028 et
683 2982 764 3046 opus
785 2963 865 3029 illud
889 2963 1031 3050 ‘aporiari’
1057 2973 1133 3047 apte
1149 2965 1276 3031 dicitur.
1356 2975 1358 2980 '

57 3067 140 3133 Adde
164 3071 250 3152 qnod
273 3069 410 3136 alterum
434 3071 577 3136 eiusdem
600 3071 675 3136 libri
698 3069 914 3153 fragmentum
937 3091 1034 3154 supra
1058 3091 1089 3154 p.
1110 3074 1150 3136 16
1166 3091 1212 3155 sq.
1238 3072 1278 3137 ab

58 3171 180 3242 Laertio
209 3179 400 3260 accepimus.

142 3282 210 3348 Iam
235 3282 330 3350 facile
353 3284 393 3349 de
417 3282 673 3367 Pythagorarum
697 3284 836 3350 indiculo
860 3283 918 3350 het
940 3285 1101 3352 indicium.

141 3407 169 3454 e.
193 3391 270 3456 vlu
286 3393 327 3455 47
353 3389 446 3474 [ἔνιοι
469 3393 638 3470 γεγονέναι
663 3391 759 3476 φασι]
782 3391 837 3454 καὶ
859 3395 969 3480 ἕτερον
987 3392 1117 3476 Δωρικὰ
1134 3415 1278 3478 neupor-

60 3495 261 3508 Q-——n

126 3529 163 3598 ²⁹)
180 3530 214 3584 N.
232 3532 260 3585 h.
279 3530 332 3586 XX
351 3531 387 3586 40
408 3531 487 3600 [102]
513 3531 676 3583 ‘Ceterorum
700 3536 773 3584 turoi
794 3551 828 3584 ex
850 3541 920 3585 aceto
941 3542 966 3585 et
988 3537 1099 3599 sulpure
1124 3536 1278 3584 cataneus

62 3620 84 3666 in
95 3621 166 3687 sucu
185 3625 329 3682 medentur,
348 3631 400 3686 prr
418 3639 446 3672 se
462 3639 524 3672 vero
543 3625 601 3672 tn'tt
617 3639 760 3672 nervorum
782 3626 952 3674 contractum·
967 3630 993 3674 et
1010 3639 1043 3673 ex
1060 3627 1120 3674 omo
1133 3627 1277 3689 pom'gini,

61 3722 112 3756 cum
135 3713 210 3760 melle
234 3727 329 3761 canum
352 3713 498 3768 morsibusc
520 3713 735 3762 Erasistrato
752 3715 842 3777 placet
864 3729 923 3763 cum
941 3716 1007 3778 pice.
1050 3715 1123 3763 Idm
1147 3717 1278 3778 sanguim

62 3799 143 3848 sr'stm
165 3817 207 3850 eos
224 3803 309 3851 uado
324 3803 411 3851 r'rrla'tos
428 3817 487 3850 cum
506 3803 598 3857 melle:
615 3803 666 3852 alii
681 3803 707 3852 si
722 3819 736 3852 e
753 3805 864 3853 naribus
879 3803 960 3869 fluat,
978 3804 1148 3852 coriandrum
1167 3809 1193 3852 et
1207 3804 1278 3870 saci·

63 3901 116 3934 nam
136 3891 257 3940 admunt.
306 3889 494 3940 Theodorus
516 3897 542 3940 et
562 3891 677 3941 lichenas
700 3908 734 3941 ex
758 3899 827 3942 aceto
851 3893 937 3942 bulbis
960 3898 1044 3950 curat,
1066 3893 1228 3956 erumpentia
1251 3895 1278 3941 ιἰι

62 3978 135 4037 capric
152 3995 208 4027 cum
227 3982 289 4029 σι’τιο
307 3985 413 4029 austero
430 3986 479 4028 aut
495 3997 557 4035 auo,⁸
575 3987 600 4030 et
616 3983 705 4030 bulbos
722 3983 853 4046 epiphoris
870 3983 937 4030 utem
956 3982 1046 4030 r'rrla'nr't
1062 3986 1088 4028 et
1104 3983 1185 4030 saccae
1204 3982 1278 4044 lippi·

63 4065 140 4113 ludoici
149 4069 231 4116 media
243 4085 341 4117 eorum.
379 4069 444 4117 Vitta
463 4085 530 4133 quae
546 4071 653 4118 suntin
664 4071 748 4136 sacch,
767 4073 887 4120 rubentes
900 4072 1014 4118 momine
1025 4071 1052 4118 ιἰι
1068 4071 1122 4117 sole
1140 4071 1278 4118 tatiacum

64 4155 131 4202 melle
148 4163 173 4204 et
183 4159 250 4206 ni'tro
263 4160 409 4216 emendant,
428 4159 580 4222 lentrffinem
599 4174 658 4208 cum
670 4161 730 4209 virro
742 4165 790 4208 aut
802 4175 860 4208 cum
872 4163 949 4207 aceto.
977 4153 1011 4208 cf.
1025 4153 1116 4208 XXIV
1133 4156 1182 4208 120
1196 4154 1278 4222 [1861.
