3010 4866
220 225 264 288 14

224 403 312 486 162}
359 403 410 468 lar
438 403 523 467 enim
554 403 724 492 scribenda
753 409 828 466 sunt
857 403 958 466 rerba
986 409 1020 466 et
1047 403 1216 467 vertenda
1241 397 1278 466 ἒν
1304 397 1365 467 uir
1388 415 1454 474 ταῖς
1501 415 1502 438 ¹

218 510 358 588 λογικοῖς
380 510 485 574 ταῦτα’
507 533 543 573 τε
564 507 678 584 αὐτοῖς
701 511 791 573 δοκεῖ
810 509 1051 594 ucciando}
1070 515 1127 572 aui
1150 547 1193 556 -—
1215 518 1271 574 Ινα
1293 517 1348 572 aui
1363 515 1449 572 aurci

217 623 313 702 μέρος
334 621 478 702 εἴπομεν
501 657 534 665 -
555 621 609 681 καὶ
631 617 721 702 τάδε,
744 617 828 704 cirrep
850 618 960 683 adesir
981 621 1026 694 εἷς
1048 619 1106 702 asir
1126 617 1339 702 εἶσαγιιγιιὴν
1356 623 1452 682 πίνει

217 731 332 811 τέχναν
370 735 425 790 arri
455 725 539 790 ur’uu
572 727 628 790 ἐπὶ
667 729 780 804 &aar
819 733 930 811 τίθησι
966 728 1105 811 Διαιλῆς
1131 726 1151 790 ὁ
1179 725 1315 811 Μάγνης
1348 726 1454 804 λέγων

218 832 352 918 οὔτας’)
372 837 438 900 tri.
475 839 518 899 Iu
540 835 661 919 laguis
674 834 789 920 r'grlur
800 842 834 898 c!
845 835 924 898 hacc
938 836 1116 920 placente!
1134 873 1173 881 —
1191 841 1231 898 ut
1242 833 1452 918 augularem

218 963 348 1026 quoque
364 951 610 1027 persequamur
631 981 675 988 —
697 942 797 1005 cltum
820 943 909 1014 hacc,
933 964 1020 1027 puae
1039 943 1088 1005 ad
1105 939 1330 1006 r'rrstitutr'oru's
1343 947 1452 1005 artem

217 1048 396 1112 stoicorum
408 1049 581 1133 pertinent
593 1071 740 1134 quaeque
751 1049 885 1112 Droclas
896 1049 935 1112 ιά
946 1049 1220 1134 phr'losophcrum
1231 1049 1453 1134 percuratum

217 1155 265 1216 ud
295 1157 430 1218 uerbum
461 1155 510 1219 sic
537 1156 638 1241 pouit
668 1163 725 1220 etc.
779 1157 928 1220 Proxima
962 1157 1063 1237 igitur
1097 1157 1215 1227 Diocli,
1250 1157 1360 1237 priora
1398 1157 1453 1220 alii

219 1265 328 1327 nescio
351 1265 401 1328 cui
425 1265 598 1330 debentur:
623 1267 728 1346 quode
751 1265 887 1346 posthac
910 1266 1079 1330 disseram.

310 1373 410 1436 Porro
440 1373 650 1437 Nietzscheus
685 1375 866 1437 uniuersam
899 1373 1129 1454 Epicureorum
1164 1372 1344 1436 doctrinam
1379 1391 1454 1436 esse

221 1479 384 1544 Diocleum
401 1482 576 1546 contendit.
594 1517 635 1526 -
654 1482 772 1544 l'erum
789 1489 838 1544 est
856 1481 999 1545 Dioclem
1016 1481 1147 1562 Epicuri
1167 1480 1315 1544 laudasse
1333 1499 1453 1546 mores,

218 1588 297 1652 Inde
329 1589 357 1651 si
387 1589 464 1669 quiid
491 1589 523 1653 in
549 1589 622 1652 illos
644 1589 778 1652 nimium
802 1589 944 1652 studium
968 1607 1046 1669 prae
1069 1607 1105 1654 se
1128 1587 1193 1652 lert
1215 1587 1299 1669 apud
1325 1588 1455 1652 Laerti-

218 1715 287 1765 um.
319 1696 451 1760 subesse
475 1696 619 1760 Dioclem
647 1695 776 1760 fortiter
805 1694 964 1760 adfirmat
1012 1695 1076 1759 Res
1099 1714 1159 1777 per
1181 1713 1215 1760 se
1244 1695 1375 1776 quidem
1408 1697 1455 1759 ita

219 1821 255 1868 ae
279 1809 388 1884 potest
411 1803 541 1881 habere,
566 1821 623 1867 cur
646 1803 773 1881 debeat
797 1803 968 1868 obscmum
992 1802 1045 1886 [cl.
1070 1823 1102 1884 p.
1119 1803 1187 1887 201.
1234 1805 1252 1884 §
1276 1806 1296 1865 9
1320 1804 1454 1884 quidem

219 1911 287 1974 eius
311 1911 506 1974 sententiam
529 1915 656 1974 tantum
683 1910 777 1974 abest
806 1916 844 1974 ut
871 1909 1051 1985 confirmet,
1080 1917 1117 1974 ut
1147 1911 1255 1992 potius
1284 1909 1453 1992 infringat.

219 2017 302 2094 Quid
337 2018 443 2080 enim?
477 2016 607 2081 scholae
637 2017 872 2081 successionem
906 2017 949 2080 ad
983 2035 1042 2080 sua
1075 2023 1222 2097 tempora
1255 2017 1455 2098 perdurasse

219 2124 431 2188 iactabundus
467 2124 624 2205 gloriatur
659 2124 818 2188 Laertius.
873 2125 923 2186 Ar
950 2129 1028 2208 post
1053 2122 1208 2208 prinum
1242 2146 1274 2188 α.
1303 2125 1386 2190 Chr.
1421 2149 1454 2188 u.

218 2232 387 2294 sacculum
412 2229 658 2314 Epicureorum
683 2253 740 2294 uec
760 2231 834 2293 colu
858 2251 916 2294 nec
937 2229 1128 2314 rcslrprum.
1173 2229 1314 2314 Stupuis
1337 2230 1455 2315 rgrr'rtrrr

217 2337 366 2400 auctoru
386 2338 483 2400 uerba
505 2339 656 2400 wanlai
670 2337 840 2401 Laertius.
879 2338 959 2403 Esto
983 2338 1144 2415 decantet,
1165 2355 1359 2419 quamquam
1378 2339 1454 2404 falsi

218 2445 299 2508 haec
326 2446 471 2509 conduci
504 2451 614 2526 potest
648 2447 767 2526 opinio.
819 2447 863 2510 At
891 2447 919 2510 si
947 2451 1101 2527 vergente
1128 2445 1232 2526 primo
1262 2465 1291 2510 a
1318 2445 1397 2511 Clrr.
1423 2467 1453 2511 n.

219 2552 347 2615 saeculo
371 2552 490 2617 deiecit
512 2552 623 2617 schola
646 2553 787 2634 Epicuri,
812 2551 883 2617 fieri
905 2572 969 2617 non
992 2559 1111 2634 potest,
1135 2559 1172 2617 ut
1194 2559 1309 2634 postea
1333 2555 1455 2620 vixarit

220 2661 247 2724 is
270 2662 324 2742 qui
341 2661 587 2724 diuturnitatem
605 2661 674 2724 eius
695 2661 816 2740 laudat,
840 2661 903 2725 nisi
926 2660 1010 2725 forte
1034 2661 1162 2742 stupide
1186 2661 1328 2725 aucturis
1351 2663 1455 2728 verba

219 2773 253 2829 et
286 2767 357 2847 ipse
392 2769 552 2834 decantat.
605 2768 672 2831 Iam
707 2786 784 2832 vero
819 2767 962 2832 Dioclem
997 2787 1089 2832 suum
1124 2769 1227 2848 primu
1255 2787 1286 2849 p.
1312 2768 1391 2834 Chr.
1424 2790 1453 2834 n.

219 2875 347 2938 saeculo
371 2876 518 2956 assignat
541 2875 751 2939 Nietzscheus
776 2874 898 2957 [progr.
922 2878 992 2957 p.9
1017 2875 1097 2958 sq.]:
1122 2875 1211 2940 vides
1234 2881 1271 2938 ut
1295 2877 1368 2957 ipsa
1395 2897 1455 2959 per

220 2999 255 3045 se
290 2983 437 3046 concidat
465 2983 700 3047 Nietzscheana
735 2983 799 3046 ista
830 2983 1021 3048 ratiuncula.
1053 3019 1092 3030 -
1122 2983 1282 3064 Dogmata
1317 2983 1454 3065 Epicuri

218 3089 303 3152 unde
331 3088 456 3154 finctus
484 3091 528 3154 sit
560 3090 710 3154 Laertius
739 3089 931 3154 Nietzscheo
959 3089 1124 3154 confessus
1152 3095 1204 3154 est
1232 3089 1261 3154 X
1291 3091 1349 3154 28:
1383 3089 1455 3154 ἐπι-

217 3193 319 3280 τομὴν
334 3195 365 3258 d'
378 3191 497 3272 αὐτῶν,
521 3197 551 3258 el
573 3195 670 3276 docet,
694 3195 857 3260 ἐκθέσθαι
885 3195 1080 3280 πειράσομαι
1105 3245 1134 3262 ..
1158 3193 1238 3260 ὥστε
1260 3215 1296 3260 σε
1319 3221 1453 3262 nuncr-

215 3301 319 3383 χόθεν
341 3305 547 3386 καταμαθεῖν
568 3301 625 3368 adr
647 3303 756 3389 ἄνδρα
782 3301 866 3386 ια’μὲ
894 3309 1013 3388 κρίνειν
1039 3304 1167 3368 εἰδέναι.
1213 3304 1283 3384 Ego
1306 3305 1453 3387 quidem,

218 3409 296 3491 quid
323 3410 363 3474 de
394 3415 526 3474 auctore
555 3428 613 3474 suo
642 3413 807 3494 aperuerit
835 3412 999 3491 Laertius,
1035 3411 1079 3476 ibi
1108 3429 1171 3476 non
1200 3411 1344 3477 invenio:
1379 3415 1454 3498 ipse

219 3517 303 3580 enim
326 3517 474 3581 Laertius
498 3517 650 3598 loquitur,
674 3539 738 3584 nou
761 3519 890 3584 Diocles
914 3519 966 3602 [cl.
993 3518 1278 3584 Fraudenthalium
1301 3539 1332 3601 p.
1355 3522 1452 3608 3081.

218 3659 262 3669 -
291 3623 339 3688 Ne
373 3625 413 3688 de
452 3627 603 3706 epicurea
640 3627 768 3707 quidem
803 3626 951 3690 doctriua
985 3625 1065 3690 certi
1104 3626 1276 3707 quidquam
1317 3629 1454 3695 edocuit

219 3730 437 3798 Nietzscheus.

291 3905 315 3975 5)
334 3907 522 3964 Conlationem
547 3925 573 3977 p.
595 3911 647 3964 309
667 3907 900 3964 Freudeutlmlius
922 3907 1071 3976 adscripsit
1093 3907 1243 3963 Burbonici
1266 3917 1296 3964 at
1321 3911 1452 3970 laureu-

221 3995 297 4049 tiaui.
335 3996 396 4064 lpse
416 3997 646 4052 Freudeutlralius
664 4015 750 4068 praua
769 3998 866 4054 Gabali
884 3997 1062 4052 distinctione
1085 3995 1214 4052 inductus
1238 4005 1303 4066 post
1326 4005 1452 4076 εἴπωμεν

219 4083 367 4140 subtimide
395 4087 514 4141 coniecit
546 4087 681 4143 excidisse
709 4089 786 4142 uelut
814 4085 1026 4159 ὁπογριέᾳαμεν.
1058 4121 1090 4130 -
1123 4087 1298 4142 Buhnsuhius
1326 4094 1450 4150 traditae

219 4173 372 4242 scripturae
391 4177 499 4232 nescius
518 4177 552 4232 dc
571 4178 729 4247 corruptela
747 4177 879 4247 romualt
897 4193 923 4245 p.
942 4179 985 4232 42.
