3044 4860
559 211 581 256 b.
603 211 813 252 Asssnssflsss.

165 369 209 436 So
233 368 318 452 folge
342 368 425 434 deun
450 387 514 434 nun
541 368 728 451 Antigones.

368 529 489 588 ΠΕΡΙ
516 522 854 588 ΠΟΛΕΜΩΝΟΣ
883 525 1016 587 BIOY

145 648 308 730 Diogenes
324 647 369 712 IV
388 650 437 714 ll.
505 651 594 734 Φησὶ
629 649 666 714 δὲ
786 645 952 711 Philodem
975 645 1033 710 col.
1058 644 1144 710 XIII.
1171 682 1209 690 -
1234 644 1303 730 ἅμα

69 748 345 832 Ἀντίγονοςὸ
375 751 605 837 Καρύστιος
631 753 667 818 έν
723 749 889 836 Γλ>υκέρᾳ
925 750 983 841 (τῇ
1015 751 1164 835 ψαλτρίᾳ
1192 747 1301 836 pse-915>

74 869 148 930 τοῖς
180 857 270 938 βίοις
305 856 363 922 τὸν
400 861 528 942 πατέρα
564 853 666 922 αὐτοῦ
720 879 799 920 οντα
836 852 1029 941 (κωμάσαι)
1064 855 1131 937 μετ’
1165 850 1303 939 ἡμέραν·

78 957 213 1042 πρῶτον
241 983 276 1022 τε
307 961 394 1024 εἶναι
424 962 490 1024 τῶν
519 960 667 1024 πολιτῶν
721 969 839 1042 φυγεῖν
859 957 896 1020 δέ
919 957 1014 1042 δίκην
1036 951 1175 1041 αἰσχρὰν
1197 955 1304 1020 κακώ-

76 1065 133 1125 nal
160 1059 464 1146 ἁρματοτροφῆσαι.
684 1075 803 1136 5σεως
832 1058 898 1126 ὑπὸ
929 1063 985 1144 τῆς
1012 1056 1182 1141 γυναικός,
1217 1063 1304 1125 εἶναι

142 1177 263 1248 φυγεῖν
278 1165 316 1229 δὲ
335 1165 394 1230 τὸν
411 1165 593 1249 Πολέμωνα
608 1167 665 1228 καὶ
719 1167 781 1249 γὰρ
804 1165 999 1251 φιλόπαιδα
1025 1166 1081 1228 καλ
1108 1163 1304 1250 φιλομειρά-

77 1269 178 1352 δίκην
200 1266 372 1344 κακώσεως
394 1263 460 1333 ὑπὸ
481 1271 538 1354 τῆς
552 1291 665 1348 γυναι·
719 1294 810 1347 κιον,
843 1266 926 1334 ὥστε
954 1271 1130 1354 περιέφερε
1157 1265 1306 1352 νόμισμα

78 1371 152 1447 κός,
177 1369 221 1446 ὠς
242 1375 428 1456 μειρακίοις
452 1371 602 1438 συνόντα.
721 1373 939 1438 παντοδαπὸν
976 1379 1031 1437 ἵνα
1067 1373 1113 1456 τῷ
1146 1369 1305 1455 συναντή-

142 1475 214 1556 (16)
236 1478 307 1548 νέος
322 1473 353 1538 δ’
370 1473 415 1539 ὧν
437 1467 617 1550 ἀκόλαστός
632 1499 667 1540 τε
721 1497 816 1542 σαντι
832 1531 834 1534 ,
849 1478 997 1561 χρῆσθαι
1026 1477 1211 1560 προχείρως
1238 1473 1304 1559 ἔχῃ.

77 1579 133 1640 καὶ
152 1576 384 1660 διακεχυμένος
398 1573 438 1662 ἦν
453 1573 568 1655 οὕτως,
585 1573 890 1668 ὥστεωθηραθελς
922 1581 943 1645 δ
984 1602 1052 1644 οπο
1084 1576 1306 1661 εενοκράτους

77 1671 134 1744 καὶ
167 1684 361 1765 περιφέρειν
392 1675 551 1768 α’ργύριον
584 1683 668 1766 πρὸς
721 1687 776 1748 καὶ
821 1685 1002 1758 συσταθεὶς
1042 1677 1132 1766 αὐτῷ
1167 1683 1305 1746 τοσοῦτο
1385 1751 1389 1761 ,

77 1783 137 1859 τὰς
161 1775 312 1866 ἑτοίμους
334 1781 442 1860 λε’σεις
463 1789 526 1849 τῶν
541 1785 667 1850 ἐπιθυ·
722 1786 901 1872 μετήλλαξε
931 1787 1014 1850 κατὰ
1040 1786 1098 1850 τὸν
1125 1789 1201 1867 βίον
1224 1781 1307 1848 ὥστε

78 1889 184 1968 μιῶν·
215 1884 376 1950 ἀλλὰκαὶ
399 1888 526 1963 ἐντοῖς
548 1909 668 1952 στενω-
721 1891 889 1976 μηδέποτε
910 1888 991 1975 μήτε
1012 1890 1070 1974 τὴν
1091 1891 1149 1954 τοῦ
1172 1884 1306 1972 προσοί-

78 2001 163 2065 ποτς
179 1989 384 2074 διέκρυπτεν.
418 1992 473 2054 καὶ
485 1989 669 2076 ένἍκαδη-
723 2017 791 2060 που
813 1997 1002 2080 φαντασίαν
1024 1989 1207 2058 ἀλλοιῶσαι
1225 2039 1232 2054 .
1248 2039 1256 2054 .
1273 2038 1305 2056 ..

80 2099 165 2178 μεέᾳ
187 2093 271 2176 πρὸς
292 2098 378 2160 κίονί
400 2117 467 2160 τινι
489 2093 670 2179 τριώβολον
682 2115 714 2170 15

79 2197 208 2282 εὑρέθη
230 2197 549 2283 προςπεπλασμένον
570 2194 671 2264 αὐτοῦ

80 2300 142 2366 διὰ
178 2299 262 2386 [τὴν]
296 2299 417 2385 ὁμοίαν
448 2303 487 2391 τῇ
514 2325 671 2388 προειρη-

80 2407 165 2489 μένῃ
190 2401 373 2487 πρόφασιν.

175 2630 199 2670 ο,
228 2617 244 2670 9
270 2615 319 2670 der
347 2614 416 2686 §16
443 2631 498 2670 wer
529 2615 729 2686 enlsprechend
757 2613 899 2672 Philodem
933 2615 1030 2672 hieher
1059 2615 1308 2672 zurnckzuziehen.

83 2709 117 2761 14
137 2707 297 2776 διέκρυπτεν
314 2719 388 2759 muse
405 2703 543 2759 bedenten
562 2703 625 2759 dees
644 2703 694 2758 der
710 2703 847 2774 jongling,
871 2705 923 2759 den
947 2703 996 2760 aul
1011 2704 1106 2760 diesen
1125 2703 1225 2776 pladen
1244 2705 1310 2758 keln

80 2795 177 2849 solave
196 2793 358 2864 begleitete‚
383 2793 441 2848 sich
460 2809 494 2848 en
512 2793 667 2863 pessenden
685 2799 764 2849 orten
783 2795 880 2864 depots
897 2795 1004 2864 anlegte
1028 2793 1073 2848 lllr
1090 2793 1144 2850 den
1162 2793 1222 2862 sall,
1247 2793 1310 2848 (less

80 2900 112 2940 er
131 2882 201 2938 kein
220 2881 282 2952 gell
299 2882 345 2938 bel
363 2881 421 2938 sich
439 2881 540 2938 flhrte.

177 3061 202 3116 b.
230 3061 276 3118 die
295 3067 387 3118 ersten
404 3060 466 3118 drei
483 3061 586 3130 zellen,
604 3061 704 3118 welche
723 3061 858 3118 Bleheler
877 3061 1030 3118 unbemhrt
1048 3061 1172 3132 gelassen
1189 3062 1246 3130 het,
1268 3077 1311 3117 er·

81 3157 192 3222 ganzes
209 3150 268 3206 sich
286 3152 374 3208 durch
394 3152 502 3208 Lukien
513 3155 558 3215 Δὶς
570 3151 660 3225 early.
678 3155 715 3210 le
753 3152 878 3210 derselbe
896 3152 965 3208 lesse
983 3155 1062 3219 Μέθη
1080 3152 1135 3208 und
1151 3150 1312 3224 Ἀκαδήμεια

83 3243 146 3296 sich
167 3256 214 3294 um
226 3240 356 3298 Polemon
375 3243 490 3298 streiten
509 3242 564 3297 und
583 3243 632 3298 hat
650 3259 699 3298 eus
718 3242 794 3298 einer
808 3242 866 3298 vite
884 3241 1026 3298 desselben
1039 3241 1191 3312 geschlpfl,
1210 3241 1311 3297 welche

81 3329 196 3384 freilich
216 3329 261 3385 die
279 3331 611 3402 bekehruegsgeschichte
625 3333 710 3402 helle,
729 3334 796 3388 eber
808 3339 883 3387 sonsl
895 3333 966 3388 auch
979 3331 1189 3402 antigonisehes.
1221 3347 1252 3386 er
1263 3331 1312 3386 hel

82 3421 133 3475 des
154 3419 337 3475 telslehliche
356 3421 512 3476 rhetorisch
525 3421 703 3492 versrbeitel;
724 3422 768 3476 die
781 3421 879 3476 hieher
892 3421 1039 3491 gehbrlgen
1052 3421 1224 3491 wichtigelen
1237 3426 1312 3476 eltze

82 3509 146 3564 sind
167 3514 232 3582 μεθ’
250 3507 352 3584 ἥμερον
371 3511 487 3584 ἐκώμαζε
505 3511 551 3566 διὰ
570 3510 614 3578 τῆς
637 3509 739 3584 ἀγορᾶς
756 3517 840 3584 μέσην
853 3511 986 3582 ψάλτριαν
1004 3512 1066 3581 (der
1077 3511 1167 3580 plural
1185 3511 1235 3565 het
1252 3510 1312 3564 kei·

81 3616 138 3654 nen
159 3599 236 3670 sinn;
258 3599 419 3656 llberliefert
438 3601 475 3656 iet
492 3600 599 3671 beides)
622 3605 689 3674 έχων
710 3603 756 3655 καὶ
778 3601 961 3674 κατᾳδόμενος
978 3601 1065 3654 ἕωθεν
1089 3605 1115 3662 ίς
1132 3603 1243 3671 ἑσπέριοι
1264 3621 1313 3671 με·

83 3690 166 3745 σέων
186 3689 229 3744 ἀεί
247 3692 298 3744 nl.
340 3690 451 3744 lhnlich
469 3691 498 3744 in
517 3691 567 3746 der
586 3690 737 3760 gegenrede
760 3693 799 3746 17.
842 3689 891 3745 auf
906 3689 958 3744 den
978 3689 1155 3759 sigennemen
1172 3689 1250 3744 flhrl
1268 3688 1312 3744 (lie

82 3777 295 3848 llberlieferung
307 3793 332 3832 τ.
348 3781 371 3834 1.
407 3779 451 3834 die
469 3779 629 3850 mengelnde
644 3780 793 3848 aspiretion
813 3797 866 3835 von
885 3777 969 3853 ἡμέρα
988 3786 1097 3834 stemmt
1109 3778 1249 3837 vielleiehl
1261 3795 1314 3833 nur

83 3869 189 3936 daher,
218 3867 283 3922 dass
306 3867 356 3922 der
378 3868 518 3924 schreiber
544 3869 587 3924 die
606 3869 721 3924 zeichen
738 3889 773 3943 μι
796 3877 890 3925 suerst
907 3869 1079 3939 eusgelsssen
1098 3870 1181 3925 helle.
1207 3899 1240 3908 -
1264 3868 1314 3924 der

83 3967 143 4014 rest
170 3957 207 4012 ist
228 3973 283 4012 τοο
302 3957 437 4013 Bleheler
459 3957 568 4014 absolut
590 3959 736 4028 schlegend
760 3964 886 4030 φρέατα
913 3975 965 4014 nur
990 3959 1084 4014 schien
1103 3959 1155 4014 mir
1173 3965 1313 4020 συσταθεὶς

82 4049 208 4107 Ιείείιίετ
225 4047 266 4102 ele
284 4047 416 4120 σχολάσας
432 4063 481 4104 eus
492 4081 497 4094 ·
509 4068 598 4104 οσιαι.
609 4091 614 4102 .
625 4090 649 4104 ..
669 4067 705 4106 zu
723 4051 850 4120 mechen3
869 4048 935 4123 μήτε
946 4050 996 4104 hel
1007 4049 1058 4104 der
1070 4049 1210 4105 schreiber
1228 4047 1314 4104 selbsl

83 4139 299 4208 nachgelrsgen.
