3010 4866
212 155 255 231 56

209 342 350 408 indicam
387 341 527 422 scriptor
564 345 602 407 nt
638 341 776 408 vidimus
811 340 852 406 ad
886 340 1120 406 Aristoxeni
1158 342 1257 408 vitam
1293 343 1436 410 Platonis

209 467 390 532 respexere,
414 447 470 513 ille
493 449 621 530 quidem
644 449 705 514 ita:
730 447 962 535 pellabatur
985 447 1157 533 [Platonis]
1174 444 1325 532 Ἀριστό
1331 447 1437 530 ξενος

209 572 286 641 φησι
312 561 426 621 πᾶσαν
454 553 573 636 σχεδὸν
600 553 637 620 ἐν
659 566 727 630 τοῖς
752 553 967 640 Πρωταγόρου
994 551 1186 640 γεγράφθαι
1213 551 1435 636 &materiante
1494 629 1495 654 ρ

210 661 315 740 Quid?
342 662 428 744 quod
457 661 491 726 in
519 661 631 727 eadem
659 661 805 727 Platonis
831 661 899 726 vita
928 661 1064 726 totidem
1095 661 1218 726 Laeriii
1250 661 1290 729 de
1326 663 1436 728 eadem
1494 659 1495 736 3

209 787 245 834 re
272 767 371 834 verba
399 767 536 833 redeunt
558 787 622 834 non
646 767 872 835 Aristoxeni
900 767 1029 832 nomine
1056 767 1114 832 sed
1136 767 1322 834 Favorini
1346 787 1436 851 prae·
1494 783 1495 786 ’

208 873 273 940 fixo
306 874 355 939 ΠΙ
382 875 439 938 57:
475 871 514 957 ἢν
548 873 726 958 [Politian]
760 878 815 937 nai
845 868 1053 957 εὑρίσκεσθαι
1089 871 1203 954 σχεδὸν
1236 871 1315 961 {ripn
1350 872 1437 960 παρὰ

208 981 412 1067 Πρωταγόρᾳ
424 978 461 1045 ἐν
475 992 542 1056 τοῖς
557 976 771 1064 ἂνοιλογικοτς
785 997 862 1065 φησι
878 981 1108 1063 Φαβωρῖνος
1123 979 1165 1046 ἐν
1180 982 1437 1066 παντοδαπῆς
1494 1023 1495 1084 ρ

209 1087 387 1174 ἱστορίας
417 1083 545 1174 ὀγδόῃ.
591 1087 660 1153 Iam
686 1105 763 1154 vero
787 1086 1027 1168 Apollodori
1055 1087 1274 1154 testimonium
1303 1090 1345 1155 de
1368 1089 1437 1154 Pla·
1494 1133 1495 1164 q

209 1195 295 1260 tonis
318 1194 372 1259 die
393 1194 496 1259 natali
520 1193 611 1259 1112
635 1193 794 1259 Favorino
818 1192 1030 1274 reddendum,
1059 1193 1087 1258 si
1110 1194 1205 1261 modo
1228 1201 1318 1262 reete
1342 1215 1437 1278 snpra
1494 1207 1495 1212 ’

210 1301 255 1385 [p.
280 1301 337 1385 46]
361 1319 432 1366 cum
461 1296 694 1382 Aristoxeni⁶²)
721 1299 885 1366 mentione
914 1300 995 1366 illud
1023 1301 1243 1369 eoninnnimus
1273 1301 1326 1387 [ei
1357 1303 1437 1369 inho
1494 1341 1495 1422 ρ

209 1427 241 1490 p.
267 1408 320 1473 85.
347 1408 398 1472 88.
425 1406 492 1492 89].
1494 1493 1495 1500 ρ

300 1533 327 1580 e.
353 1514 411 1578 ‘Er
437 1513 578 1579 rhetoris
607 1513 675 1579 sive
707 1512 855 1595 sophista
890 1511 1019 1578 officina
1052 1514 1244 1596 prodierunt
1278 1515 1435 1598 catalogi.
1494 1523 1495 1584 f

209 1622 355 1704 Utroque
383 1620 510 1686 nomine
539 1619 719 1684 sexcenties
748 1616 880 1684 effertur
906 1619 1094 1686 Favorinus.
1146 1621 1244 1688 Cuius
1272 1641 1438 1688 summam

209 1726 410 1814 elegantiam
445 1725 620 1791 uerborum
653 1723 818 1812 totiusque
850 1725 1014 1791 sermonis
1041 1725 1196 1813 gratiam
1229 1733 1329 1815 atqau
1362 1727 1437 1793 adea
1494 1767 1495 1810 3

209 1831 422 1898 anroenitates
443 1837 477 1898 et
495 1829 605 1918 copim
620 1831 842 1918 ubertatesque
863 1831 1029 1898 mminem
1046 1841 1142 1920 posse
1164 1833 1329 1922 indipisci
1350 1840 1437 1902 aeas

210 1939 268 2005 illa
295 1938 447 2005 credebat
475 1937 528 2022 [cf.
553 1938 693 2004 Gellium
721 1939 797 2003 XVI
819 1939 839 2004 3
864 1944 925 2006 etc.
950 1939 1103 2007 Philostr.
1127 1943 1184 2008 rit.
1208 1942 1346 2025 sophist.
1371 1943 1434 2008 18.

211 2046 327 2113 Suidas
351 2066 375 2112 s.
393 2066 422 2112 ι.
448 2045 558 2130 oapi.
594 2045 793 2128 Quamquam
816 2064 837 2111 a
859 2065 941 2128 puro
964 2047 1145 2114 Atticorum
1168 2067 1317 2116 sermone
1342 2049 1437 2117 desci-

210 2154 295 2220 visse
318 2151 498 2236 Phrynicho
521 2151 649 2216 videtur
672 2149 724 2235 [ci.
750 2171 781 2234 p.
799 2153 850 2218 37.
878 2154 930 2218 69.
958 2156 1021 2219 170
1045 2157 1104 2220 eta
1129 2155 1281 2241 Loheclr}

299 2257 314 2323 i
327 2264 367 2324 et
381 2279 411 2342 g.
438 2259 496 2324 ‘De
511 2263 681 2340 poetarum
697 2259 954 2342 scriptorumque
968 2278 1116 2326 sermone
1137 2267 1172 2327 et
1194 2261 1325 2344 ingenio
1350 2265 1436 2329 acuta

210 2365 364 2433 iudicavit
397 2365 536 2447 scriptor
569 2365 729 2431 indicum'.
792 2365 973 2432 Laudatum
1008 2371 1059 2432 est
1092 2367 1243 2434 Favorini
1277 2367 1436 2436 iudicandi

210 2491 354 2539 aanmen.
394 2471 518 2538 Gellius
533 2470 601 2536 115
625 2470 726 2538 reiert
748 2471 855 2554 lepide
877 2473 1109 2557 designatsque
1124 2475 1172 2540 ita
1187 2475 1294 2540 dicere
1312 2477 1435 2542 solitum

211 2597 283 2644 esse
305 2577 499 2644 Favorinum
523 2576 563 2642 de
586 2577 704 2660 Lysia
727 2583 768 2645 et
790 2579 970 2646 Platone:
994 2577 1038 2648 Si
1056 2599 1101 2645 ex
1115 2579 1271 2646 Platonis
1292 2580 1438 2648 orcanae

210 2682 509 2770 verbenaeque
528 2684 640 2749 demas
661 2689 804 2750 mutesve
825 2691 922 2773 atqua
943 2685 1238 2753 commodandam
1255 2688 1378 2764 facias,
1401 2687 1437 2752 de

211 2789 376 2878 elegantia
398 2795 509 2856 tamen
531 2789 739 2864 detraxeris·
761 2788 796 2855 si
814 2812 858 2856 ex
875 2791 990 2879 Lysia,
1015 2793 1055 2858 de
1076 2793 1248 2860 sententie.
1263 2832 1310 2844 -
1327 2795 1436 2863 Coram

211 2897 376 2980 discipulis
409 2896 644 2963 Sallustium
679 2895 776 2980 [Geli.
801 2897 848 2964 III
878 2899 910 2984 l]
939 2899 993 2964 vel
1017 2899 1274 2966 narcissinum
1302 2901 1435 2970 bracia·

209 3002 255 3069 tis
275 3001 436 3088 artpicem
459 3002 611 3085 adpellat.
635 3039 681 3050 -
710 3002 918 3071 Claudium
942 3005 1243 3089 Quadrigarium
1272 3007 1371 3092 [Geli.
1394 3007 1435 3074 m

213 3111 263 3191 13,
282 3109 316 3195 5]
340 3111 379 3175 de
396 3109 509 3174 Manlii
530 3128 600 3174 cum
617 3109 712 3176 Gallo
733 3112 909 3177 certamine
930 3113 1089 3178 dicentem
1106 3131 1177 3180 cnm
1199 3114 1337 3198 legeret,
1361 3115 1436 3182 dirit

211 3239 279 3282 non
294 3214 483 3282 manarc'bus
496 3215 595 3303 quati
607 3215 769 3304 adficique
782 3216 938 3284 oninium
952 3240 1055 3284 sunm
1070 3217 1211 3285 motr'bm
1221 3221 1436 3309 putridasque

209 3343 312 3410 quam
340 3321 375 3387 si
401 3320 470 3409 ipse
496 3344 606 3388 coram
633 3325 863 3410 depugnantes
895 3345 948 3390 ecs
980 3331 1145 3412 spectaret.
1195 3327 1273 3393 Inde
1309 3329 1434 3406 factum,

209 3434 248 3494 ut
264 3429 388 3495 Gellius
410 3428 529 3494 ibidem
549 3429 753 3514 Quadrigarii
777 3433 956 3498 orationem
971 3433 1011 3499 oh
1028 3433 1224 3516 incomptam
1247 3437 1434 3502 suavitatem

210 3536 449 3618 puritatemque
501 3541 535 3600 et
585 3537 825 3619 simplicitatem
869 3539 1027 3606 laudaret
1076 3577 1117 3586 —
1164 3541 1213 3606 De
1259 3541 1433 3626 Vergilio

212 3639 307 3725 [Geli.
332 3641 424 3706 XVlI
450 3643 500 3722 10,
525 3643 545 3706 4
569 3642 653 3727 sqq]
681 3645 729 3708 ita
756 3646 950 3727 aestimavit,
974 3650 1011 3712 ut
1034 3647 1177 3713 carmina
1199 3666 1283 3731 qnae
1306 3647 1432 3731 reliquit

210 3745 355 3830 perlecta
389 3747 593 3830 expolitaque
628 3749 806 3832 quibusque
840 3752 994 3835 imposuit
1029 3771 1143 3819 census
1172 3759 1269 3837 atque
1303 3756 1433 3822 dilectus

211 3855 261 3918 sni
285 3872 466 3936 supremam
489 3873 618 3920 manum
646 3857 732 3921 omni
759 3857 907 3938 poeticae
935 3859 1030 3925 laude
1059 3857 1222 3926 adiiceret.
1270 3860 1335 3930 Sed
1356 3877 1431 3944 quae

282 3994 320 4066 62)
343 3995 501 4050 Aristoxeni
525 3996 582 4052 rita
604 3997 727 4054 Platonis
750 3998 784 4054 ab
808 4015 863 4056 uno
887 4009 1000 4070 praeter
1021 4002 1094 4057 hunc
1114 4001 1216 4058 dulor
1238 3999 1430 4073 Aristocle‚si

211 4083 346 4140 Muellaro
364 4084 433 4141 fides
451 4084 579 4142 habenda
596 4085 628 4140 F.
647 4087 682 4142 H.
701 4087 733 4143 G.
752 4087 778 4144 11
798 4090 858 4146 282.
