3010 4866
1239 224 1382 287 49-

54 418 133 483 quae
169 400 210 467 de
243 396 416 470 Fauorino
439 399 509 483 ipse
540 417 624 467 noua
657 399 729 466 volo
765 397 910 483 prolerre
942 399 1028 466 viam
1063 399 1155 483 quasi
1189 419 1283 484 prae-

53 525 205 574 mauram.

140 613 365 698 ‘omnigenam
384 613 563 680 historiam'
590 632 610 679 a
630 613 735 680 Gellio
752 613 827 679 XIV
845 615 864 678 6
881 612 1058 696 perstringi
1073 611 1282 678 Nietzscheus

53 722 182 788 invictis
197 721 431 789 demonstravit
446 721 654 804 argumentis.
697 720 785 800 Quae
809 719 1007 786 contradixit
1022 719 1065 784 M.
1082 716 1283 804 Hartaiusff)

54 825 159 914 [index
168 829 244 896 lect.
253 829 385 895 Vratisl.
395 823 492 914 1869]
506 830 621 910 sponte
634 827 814 908 concidrmt,
824 826 919 894 modo
928 831 1079 893 teneatur
1088 825 1169 892 nihil
1179 827 1283 909 magis

52 935 146 1002 istius
171 935 291 1002 aetatis
306 934 517 1001 homunculos
539 951 635 1018 quam
652 933 819 1017 gloriolam
836 938 873 1000 ut
889 932 1076 1016 multiplicis
1092 933 1283 1000 cruditionis

52 1041 97 1106 ita
119 1043 340 1126 simplicitatis
364 1039 554 1107 adfectasse.
594 1039 685 1106 Adde
708 1040 794 1122 quod
817 1038 915 1108 officii
938 1059 1017 1123 erga
1038 1046 1283 1124 praeceptorem

51 1147 246 1216 Fauorinum
274 1147 463 1232 praestandi
490 1148 538 1212 ita
559 1165 681 1214 memor
704 1151 790 1229 erat,
819 1153 856 1214 ut
884 1149 953 1214 eius
981 1165 1097 1214 nomeu
1120 1147 1166 1213 ibi
1190 1149 1283 1214 dissi·

51 1256 200 1322 malaret
242 1255 368 1323 Saeculi
384 1253 485 1337 igitur
506 1272 629 1320 morem
646 1258 680 1320 et
695 1254 824 1321 solitam
839 1255 1002 1338 plerisque
1019 1255 1283 1322 consuetudinem

53 1361 177 1428 Gellius
216 1367 346 1428 secutus
383 1361 587 1428 immodicam
621 1360 773 1427 Favorini
812 1361 990 1428 doctrinam
1029 1363 1062 1428 in
1103 1363 1284 1446 ‘omnigena

52 1467 200 1536 historia'
227 1473 412 1552 congestam
435 1468 483 1534 sic
504 1468 623 1534 irrisit:
648 1468 759 1534 Homo
781 1465 875 1533 uobai
886 1465 1103 1552 familiaris,
1136 1466 1176 1533 in
1198 1467 1283 1534 la'tta·

52 1597 173 1640 rarum
196 1575 291 1640 cultu
312 1596 382 1640 uam
404 1573 564 1661 cgruobilis
585 1594 809 1662 magnamquc
830 1573 948 1640 actaa's
963 1579 1095 1661 partam
1122 1572 1161 1639 in
1183 1574 1283 1640 libris

51 1687 224 1748 uersatus:
249 1679 437 1757 ‘adrutum’,
463 1680 586 1768 iuquit
612 1687 843 1768 ‘ornatumque
859 1681 930 1748 volo
946 1680 998 1748 irc
1012 1685 1118 1748 noctae
1132 1686 1228 1756 tuos’,
1253 1687 1286 1747 ct

52 1787 158 1854 amul
178 1789 240 1854 dat
259 1787 351 1856 milri
369 1787 495 1854 librum
513 1787 651 1874 grandi
668 1787 838 1854 uolumina
863 1785 1042 1854 ‘doctrrmac
1063 1786 1280 1873 omnigenac',

53 1901 91 1960 ut
106 1895 177 1982 ipsc
192 1893 325 1970 dicabat,
354 1900 634 1982 ‘praematmtamss
659 1917 755 1982 quam
778 1893 846 1961 sibi
856 1895 1058 1961 elaboratum
1080 1916 1147 1960 ossa
1168 1893 1221 1960 ait
1240 1915 1284 1962 ax

53 2001 171 2068 multas
184 2007 218 2067 ct
229 2001 341 2068 aaria's
354 2007 386 2068 ct
399 2001 534 2069 remotis
547 2000 749 2077 actionum,
774 2007 815 2068 ut
826 2023 870 2068 cx
884 2024 919 2068 co
933 2022 1097 2068 summm
1116 2007 1282 2089 quantum

53 2108 166 2176 lc'barct
191 2129 309 2175 rerum
337 2107 499 2176 marmorio
524 2107 723 2195 dignarum.
774 2107 910 2196 Accipio
939 2107 1083 2195 cupidus
1109 2114 1142 2174 at
1166 2107 1280 2184 aum,

52 2220 222 2303 tamquam
249 2215 360 2302 copiae
385 2237 525 2283 coruum
553 2221 671 2282 nactus
697 2235 807 2290 assam,
838 2221 871 2281 ct
895 2216 1032 2282 recondo
1054 2235 1106 2282 ma
1131 2214 1280 2302 pauc'tus,

52 2327 91 2386 ut
101 2321 179 2388 same
192 2320 333 2388 arbitris
345 2323 466 2408 legam.
485 2359 523 2370 -
541 2322 592 2387 At
609 2343 694 2408 quaa
709 2321 759 2388 ibi
777 2321 900 2410 scripta
915 2327 1023 2397 crant,
1035 2329 1101 2410 pro
1116 2321 1279 2410 Iuppiter,

52 2449 142 2494 arara
170 2428 360 2504 miracula,·
392 2451 458 2516 quo
485 2427 620 2495 nomiru
634 2427 758 2512 fucrit
781 2427 846 2516 qui
867 2428 1007 2516 primus
1034 2428 1282 2516 grammaticus

51 2535 237 2622 capellatus
258 2541 325 2612 cst·
358 2541 391 2602 ct
417 2541 511 2623 quot
523 2534 702 2622 suerint
725 2537 984 2624 Pythagorae
1011 2536 1163 2604 nobiles
1189 2543 1285 2624 quot

51 2641 353 2730 Hippocratae:
375 2647 408 2708 ct
426 2641 747 2728 cucusmodifuaosa
768 2645 970 2710 Homerus
991 2643 1083 2711 dicat
1103 2644 1143 2712 irr
1165 2643 1282 2712 Uliam

50 2748 146 2814 danao
169 2747 293 2836 λαύρην
316 2749 351 2835 [χ
369 2752 432 2816 188
449 2769 520 2816 cum
536 2749 666 2835 schol.];
690 2755 836 2838 atquam
858 2751 895 2816 ob
914 2772 1049 2816 causam
1071 2752 1282 2818 Telanmchus

52 2856 175 2922 cubans
197 2855 341 2922 iunctim
364 2855 432 2922 sibi
450 2857 620 2923 cubantem
643 2855 865 2924 Pa'salrtratum
889 2879 957 2924 mou
979 2879 1086 2923 manu
1108 2857 1278 2944 adtigerit,

50 2963 108 3027 sad
120 2962 220 3050 peda
242 2963 310 3030 a'ctu
333 2963 492 3031 excitarit
512 2964 544 3049 [o
565 2966 607 3030 45
624 2969 656 3030 Κ
670 2965 732 3031 138
749 2984 820 3031 cum
842 2964 970 3050 schol.];
994 2971 1027 3032 et
1038 2964 1203 3053 Euryclia
1224 2966 1281 3030 Tc·

50 3068 236 3136 lamachum
263 3093 329 3158 quo
347 3091 472 3158 gauere
492 3070 638 3138 claustri
657 3070 836 3138 incluserit
856 3072 893 3157 [οι
910 3073 1006 3157 438];
1031 3077 1064 3138 ot
1082 3077 1282 3159 quapropter

52 3172 138 3242 ritem
155 3181 252 3262 pocta
276 3197 387 3242 rosam
414 3189 483 3242 nou
512 3175 615 3252 norat,
646 3177 753 3244 oleum
776 3199 820 3244 ex
845 3199 922 3244 rosa
944 3177 1039 3244 morit
1059 3179 1103 3265 [ψ
1128 3174 1280 3264 186]“1).

51 3281 161 3368 Atque
182 3281 278 3349 illud
287 3282 389 3349 atram
405 3283 567 3372 scriptum
578 3283 671 3370 suat,
696 3307 780 3372 qccac
802 3284 940 3352 uoma'rm
951 3285 1100 3372 fuerint
1115 3283 1280 3352 coctorum

59 3387 190 3464 wamia,
220 3389 286 3476 qui
309 3413 331 3456 a
353 3390 463 3478 Scylla
491 3391 585 3478 rapti
611 3392 811 3480 lacerao'quc
842 3389 994 3475 sunt⁴⁸),·
1028 3397 1146 3460 utrum
1180 3391 1217 3458 tu
1243 3392 1281 3482 τῇ

120 3613 159 3685 41)
180 3618 274 3672 Animi
293 3618 412 3674 Gellium
431 3635 485 3676 non
503 3625 559 3676 tam
577 3619 678 3690 ingrati
696 3619 819 3676 iuturnm
837 3619 930 3690 faisse,
950 3621 1072 3676 obvertit
1090 3621 1128 3676 ld.
1141 3619 1281 3687 Hertaius,

56 3711 85 3758 ut
102 3705 272 3762 ουὶοοίοοοιιο
291 3723 370 3763 suum
388 3709 548 3778 magistrum
566 3713 640 3764 teoto
659 3709 774 3764 luderet.

120 3793 174 3866 ⁴⁷³)
192 3796 284 3851 Aliter
301 3797 486 3872 Aristarchus.
518 3795 558 3852 Gi.
577 3797 658 3854 Hehn
677 3795 835 3867 culturum*
854 3799 914 3854 818.

121 3881 158 3954 ⁴⁸)
178 3883 270 3939 Schol.
285 3885 319 3940 ad
336 3907 358 3958 μ
371 3887 422 3942 257
442 3889 469 3941 ol
487 3885 650 3960 ἀπολόμενοι
666 3883 719 3942 tut
738 3888 782 3953 τῆς
795 3887 911 3954 Σκύλλης
927 3883 1036 3953 Στὴσοος
1046 3886 1180 3959 ὀρμένοος
1192 3885 1281 3959 ’Ἀγχι-

55 3993 103 4041 μος
121 3971 245 4044 Ὄρνυτος
269 3981 394 4037 tircanus
411 3975 589 4048 Ἀμφίνομος·
615 3973 698 4038 οὕτως
716 3974 867 4048 Φερεκύδης
892 3976 944 4047 [sic
964 3975 1121 4041 (immarus,
1146 3973 1280 4047 Φερεκρά·

55 4079 95 4126 της
112 4061 163 4132 11].
199 4062 272 4117 Hinc
295 4061 461 4118 Eustatlrius
483 4081 510 4134 p.
530 4067 607 4134 1781,
631 4068 648 4121 8
667 4079 729 4120 cum
752 4064 830 4120 addit
854 4065 889 4120 de
909 4064 1022 4133 Siuopo:
1042 4056 1075 4118 οὗ
1097 4065 1164 4136 πρὸς
1188 4061 1280 4136 ὅμοιό-

54 4167 113 4215 rqra
133 4147 213 4221 ἧροοϊς
231 4149 355 4218 Σινώπη,
374 4152 421 4222 ἀφ’
440 4145 470 4220 ἧς
489 4151 642 4227 ὁμωνύμως
660 4151 675 4221 ἡ
693 4153 762 4208 κατὰ
780 4153 906 4221 Σινώπην
924 4153 1117 4224 Χερρόννηοος.

105 4236 218 4294 Philolog.
227 4239 430 4295 taunucum„
439 4240 479 4284 111.
1103 4245 1121 4297 4
