3010 4866
220 492 1051 582 pahehhuwnhenmuramssm,munemn-

219 601 317 690 peri'e
362 601 451 668 inter
494 599 686 666 sellularias
729 600 873 688 artifices
905 601 1052 687 gemmis

216 709 405 794 faberrime
431 705 621 794 sculpendis
646 707 780 772 laudem
807 708 917 795 magis
949 731 1051 796 quam

223 814 525 904 mmuqumuum.

225 925 317 990 Sunt
337 921 402 1009 qui
413 925 455 988 P.
470 920 570 986 aiant
582 943 618 986 ea
632 921 790 1008 temporis
803 921 894 988 inter
907 923 1052 1011 captibos

226 1030 399 1116 Cambysae
419 1027 511 1114 regis
526 1029 715 1114 Aegyptum
729 1051 805 1094 eum
820 1031 1048 1102 adveheretur,

222 1137 367 1201 doctores
388 1133 541 1200 habuisse
555 1136 743 1200 Persarum
758 1158 873 1222 magas
895 1159 934 1202 ac
950 1143 1050 1223 prae·

222 1242 320 1329 cipue
354 1244 562 1307 Zoroastren
595 1239 706 1305 omnis
738 1239 856 1306 dreini
885 1263 1049 1307 arcanum

222 1349 419 1422 antistitem,
445 1355 620 1436 posteaque
646 1369 723 1413 eum
745 1349 931 1434 aquodam
957 1347 1050 1414 Gillo

224 1455 493 1523 Crotoniensium
510 1455 668 1542 principe
690 1453 921 1540 reciperatum.

233 1565 355 1629 Verum
382 1561 472 1652 eiu'in
501 1584 579 1628 vera
605 1561 761 1628 cehbnar
781 1563 888 1645 sama
918 1561 1046 1636 obtinet,

220 1675 335 1756 munh
370 1691 447 1735 eum
479 1668 599 1756 pamm
632 1667 815 1754 eugmhms
851 1668 1049 1756 dumphnm

220 1784 319 1864 atqiu
345 1776 395 1842 ibi
420 1801 442 1842 a
463 1775 682 1843 sacerdotebus
708 1773 971 1842 cerimoniarum
994 1777 1048 1843 in-

220 1882 1048 1970 cudunhwpnunhasnumnununaduuundu

220 1989 307 2056 oiees
338 1988 541 2076 geometriae
573 1987 821 2055 sollertissimas
845 1991 1047 2075 formulas:

221 2117 278 2162 nec
314 2095 370 2161 his
406 2093 536 2160 artibus
572 2094 728 2161 animum
765 2097 933 2184 expletum
967 2119 1047 2164 mox

222 2201 1046 2290 Chmdansaquebmbhuuhmamn..unum

218 2333 298 2398 ergo
307 2312 563 2376 Brachiuonum
575 2309 866 2397 gymnosophistas
875 2311 1045 2379 adiisse...

220 2416 453 2503 Quuiemam
487 2417 689 2504 Ihmnndn
725 2417 811 2504 §mm
848 2439 893 2484 ex
929 2417 1043 2486 uuum

218 2523 464 2589 oriundus
796 2531 800 2536 '

217 2651 293 2696 eum
321 2651 449 2718 quoque
471 2629 683 2716 Pythagoras
710 2629 914 2718 magistrum
942 2631 1048 2698 coluit
1380 2637 1432 2722 §i

217 2743 249 2802 et
270 2736 414 2823 infandi
431 2735 539 2802 morbi
551 2737 773 2824 putretudine
787 2735 826 2802 in
840 2739 1044 2826 serpentium
1072 2746 1116 2831 [N
1122 2747 1288 2814 eanthes
1311 2746 1349 2814 ct.
1366 2747 1433 2812 Por-

217 2843 354 2909 seabi'em
376 2843 524 2910 salutum
548 2841 703 2928 religiose
723 2843 888 2912 humavit.
1116 2853 1209 2936 phyr,
1233 2855 1268 2940 3]

217 2952 344 3016 Feetur
364 2957 397 3016 et
412 2959 513 3038 penes
534 2949 842 3017 Anaximandrum
865 2951 1043 3019 Milesium
1072 2960 1276 3046 [Apollonius
1328 2959 1432 3044 Tyrius

217 3055 426 3124 naturabilia
448 3062 684 3122 commentatus
1116 3067 1154 3135 cf,
1180 3069 1335 3152 Porphyr.
1365 3061 1431 3150 §2]

216 3185 273 3230 nee
295 3187 363 3230 non
385 3169 418 3230 et
431 3166 613 3230 Cretensem
629 3163 861 3250 Epimenidem
887 3164 1044 3232 inclitum

204 3271 421 3358 fatiloquum
453 3277 486 3336 et
511 3270 676 3358 piatorem
703 3269 902 3358 disciplinae
923 3271 1043 3358 gratia
1377 3277 1430 3362 §3

215 3386 355 3446 suman

216 3485 357 3572 itemque
391 3456 650 3550 Leodamantem
686 3483 864 3574 Creophyli
897 3484 1043 3574 discipu·
1070 3479 1087 3683 ι
1375 3543 1430 3628 §2

215 3593 288 3658 lum
313 3641 365 3657 η.

210 3698 349 3785 primus
366 3697 596 3785 philosophiae
611 3704 823 3786 nuncupator
842 3705 875 3764 et
893 3698 1044 3764 inurar
1092 3698 1322 3768 Sosicrates
1374 3693 1430 3778 §6

215 3805 310 3870 nihil
335 3804 440 3892 prius
472 3803 652 3892 discipulos
684 3827 763 3871 suos
795 3804 910 3870 docuit
940 3827 1041 3892 quam
1249 3807 1253 3812 “

214 3917 334 3985 tacere,
360 3911 541 3999 primaque
566 3914 661 3999 apud
684 3935 760 3978 eum
794 3911 962 3978 meditatie
989 3934 1041 3977 sa·

210 4015 324 4104 pienti
346 4017 478 4101 futuro
519 4017 678 4106 linguam
715 4040 843 4084 amnem
880 4040 1042 4086 coercere:

216 4123 375 4210 uerbaque
411 4146 496 4210 quae
531 4125 680 4192 volantia
711 4126 825 4212 pallae
861 4125 1039 4212 appellant,

1112 1943 1283 2026 Antipho
1380 1941 1433 2022 §2
