3010 4866
224 216 265 280 74

310 400 504 488 δαισάμενος
527 398 563 462 δέ
585 394 693 480 γάμον
715 396 814 464 πάλιν
835 398 968 483 ἤλυθεν,
991 400 1033 484 ἢν
1055 401 1137 466 ποθ’
1162 397 1268 489 saone

353 511 454 574 ἔκτισε
477 506 532 571 καλ
555 503 691 590 δαπέδῳ
714 502 817 590 Ζηνὸς
839 504 1088 594 ἐνιδρύσαιοη).

314 621 342 682 l.
367 617 450 684 Ecce
472 611 686 696 biographum
709 611 916 680 Laertianum
939 615 1111 698 Porphyrii
1133 621 1304 684 auctorem.

310 727 339 790 2.
364 725 445 790 Erat
460 723 545 788 idem
561 738 632 786 cum
648 718 821 788 Alexandri
838 720 1025 803 Apollodori
1042 727 1101 790 eto.
1125 723 1315 790 testimoniis
1335 723 1434 804 reple·

220 837 273 897 tus
296 837 375 912 tum,
398 830 432 896 id
454 828 540 912 quod
563 833 691 909 tompus
707 833 945 909 commonstrat,
972 829 1109 896 Sebini
1133 830 1379 896 Hadriauesc
1401 835 1435 893 ut

223 940 361 1006 diximus
389 936 539 1004 aetatis
562 933 782 1017 sophistae:
815 934 898 1002 huno
926 935 1005 1002 mihi
1028 941 1065 1002 ut
1088 938 1311 1020 gravissimum
1336 955 1434 1003 reser-

220 1047 301 1113 vari.
337 1047 373 1112 ln
392 1041 612 1128 olympiodori
635 1043 863 1108 commentario
886 1043 919 1108 in
936 1043 1089 1127 Gorgiam
1113 1044 1233 1127 scripto
1249 1043 1435 1127 Porphyris-

220 1171 281 1219 nae
305 1153 391 1219 ritae
414 1151 559 1219 Platonis
582 1149 688 1215 inesse
711 1149 866 1232 reliquias
890 1169 989 1233 supra
1011 1151 1132 1233 passim
1155 1152 1352 1218 enotavimus
1368 1169 1434 1216 cum

222 1259 352 1325 Laertio
381 1259 616 1341 conspirantes:
646 1261 755 1322 cetere
783 1258 868 1324 enim
899 1277 983 1323 nunc
1010 1259 1091 1324 nihil
1119 1277 1268 1324 curamus
1297 1255 1348 1346 [ci.
1372 1257 1434 1340 epi-

219 1371 357 1432 metrum
373 1365 428 1450 ll].
468 1365 551 1430 Ecce
573 1363 765 1446 perticulam
785 1363 1026 1447 Porphyrianee
1050 1365 1117 1431 illio
1138 1366 1309 1432 letentcrn:
1333 1365 1435 1448 agitur

220 1474 259 1538 dc
288 1473 454 1555 discipulis
476 1471 622 1538 Platonis
650 1490 680 1554 p.
706 1471 770 1536 395
799 1471 882 1537 med.
911 1472 1063 1551 γεγόνασι
1093 1470 1222 1558 ῥήτορες
1249 1473 1433 1557 θαυμαστοὶ

212 1576 394 1666 Ἰσοκράτης
415 1579 471 1642 καὶ
497 1581 709 1662 Δημοσθένης
736 1580 791 1642 καὶ
814 1584 1009 1663 Λυκοῦργος,
1035 1576 1106 1645 ἀλλ’
1137 1577 1155 1644 δ
1183 1579 1246 1661 μέν
1262 1577 1434 1662 Ἰσοκράτης

218 1687 389 1773 λσδχρονος
412 1685 511 1753 αὐτοῦ
534 1683 553 1749 δ
578 1684 614 1748 δὲ
636 1689 849 1771 Δημοσθένης
870 1687 925 1752 aori
948 1687 1135 1774 Λοιοῦρνος
1157 1691 1307 1773 μαθηταὶ
1329 1683 1433 1754 αὐτοῦ.

220 1795 387 1874 Quadrant
409 1793 596 1859 Laertiana:

263 1903 343 1968 ι’νιοι
365 1901 404 1966 δέ
432 1895 487 1966 καὶ
511 1895 722 1984 Θεόφραστον
750 1893 888 1964 daciani
910 1916 1013 1983 φασιν
1035 1896 1148 1967 αὐτοῦ·
1177 1901 1233 1966 καὶ
1256 1901 1434 1987 Ὑπερείδην

218 2011 278 2074 τὸν
301 2007 419 2096 ῥήτορα
442 2005 679 2089 Χαμαιλέων
702 2005 781 2091 φησὶ
804 2005 859 2070 καὶ
876 2012 1079 2094 Λυκοῦργον·
1115 2003 1233 2090 δμοέοις
1250 2008 1435 2090 Πολέμων

217 2113 362 2211 irrepat:
387 2117 444 2180 καὶ
479 2115 695 2200 Δημοσθένην
722 2116 899 2195 Σαβῖνος
929 2113 1080 2194 λέγει-
1106 2120 1355 2200 Μνηοέσιραεον
1380 2115 1435 2180 τάν

171 2245 173 2253 ·
219 2223 343 2289 Θάσιον
365 2226 690 2310 παρατιθέμενος-
714 2219 757 2284 έν
782 2218 952 2308 τετάρτην
975 2221 1174 2308 μελεειιιης
1200 2219 1300 2310 ὕλης.
1348 2221 1435 2290 Sabi·

218 2350 302 2412 num,
320 2335 358 2395 ut
373 2331 499 2396 mittam
516 2334 650 2408 ceteros,
674 2327 871 2410 biographus
887 2328 1010 2394 Laertii
1027 2335 1061 2395 et
1076 2330 1247 2413 Porphyrii
1263 2329 1434 2397 eommunis

217 2437 380 2503 excitavit.
420 2437 511 2516 Quod
528 2435 613 2502 euim
629 2441 704 2500 ente
721 2433 874 2500 Sabinum
890 2435 1085 2521 Hermippus
1108 2437 1206 2522 [Plut.
1223 2436 1387 2504 Demosth.
1402 2433 1434 2518 6]

215 2544 272 2608 alii
300 2544 385 2609 idem
414 2543 455 2609 de
478 2541 694 2610 Demosthene
725 2542 932 2626 scripserunt,
956 2563 1039 2610 nunc
1062 2543 1142 2610 nihil
1166 2545 1207 2610 ad
1231 2563 1309 2610 rem.
1357 2543 1435 2609 Gon·
1491 2569 1492 2616 ι

217 2669 331 2716 sensus
355 2651 477 2716 haertii
500 2649 744 2733 porphyriique,
768 2654 805 2714 ut
828 2649 908 2729 dixi,
939 2650 981 2715 ad
1004 2650 1156 2718 Sabinum
1180 2649 1229 2739 [et
1251 2649 1436 2716 Chamaele

216 2757 337 2842 entem]
385 2758 449 2823 iam
495 2777 516 2822 a
561 2756 738 2840 biographo
785 2755 841 2822 illo
887 2762 1095 2839 provocatum
1141 2777 1212 2826 esse
1258 2757 1436 2824 certissime

215 2865 427 2932 demonstrat.

306 2973 336 3037 3.
361 2971 559 3054 Porphyrius
588 2976 622 3035 et
644 2971 821 3036 Favorinus
851 2967 951 3058 [apud
973 2971 1137 3038 Lennium
1165 2967 1263 3058 1113]
1293 2971 1437 3053 deginae

215 3085 329 3146 natum
354 3097 424 3144 esse
448 3077 559 3144 dicunt
581 3077 758 3159 Platonem,
782 3077 845 3144 nisi
867 3078 954 3161 quud
977 3078 1029 3144 hie
1052 3079 1255 3146 accuratiora
1275 3078 1434 3160 prodidit:

426 3254 591 3310 Laertius.
821 3253 826 3344 ρ
940 3253 1131 3324 Anonymus
1149 3270 1175 3323 p.
1195 3256 1221 3321 6,
1242 3257 1273 3309 19
1293 3269 1353 3322 sqq.

212 3399 267 3464 aori
289 3396 451 3485 ἐγεννήθη
467 3397 549 3464 κατά
571 3422 662 3474 τινας
685 3397 721 3464 έν
737 3401 798 3464 Al-
851 3398 889 3465 έν
910 3397 1001 3485 τόπῳ
1022 3397 1062 3463 δὲ
1089 3403 1201 3480 γέγονε
1224 3400 1262 3487 τῇ
1285 3399 1416 3486 Αἰγίνη,

212 3511 286 3595 γένη
308 3505 345 3572 έν
366 3512 405 3599 τῇ
428 3505 608 3572 Φειδιάδου
630 3508 717 3588 elsio
741 3510 798 3572 rori

213 3613 378 3700 Θάλητος,
411 3610 457 3690 ὥς
492 3632 586 3700 φησι
619 3617 797 3701 Φαβωρῖ-

212 3743 277 3797 νος
299 3719 342 3786 έν
364 3721 602 3812 παντοδαπῇ
625 3719 795 3808 ἳσιορέηι,
850 3723 908 3788 τοῦ
947 3717 1069 3806 πατρὸς
1109 3714 1209 3786 advoc
1248 3723 1438 3804 Αρέοιιινος

286 3985 322 4057 ⁸⁰)
341 3985 416 4042 ldam
435 3987 617 4044 Nietnscheus
642 3989 746 4058 [progr.
769 4005 796 4056 p.
815 3987 844 4059 5]
868 3991 897 4042 st
920 3984 1153 4044 Freudsnthalius
1174 4001 1201 4052 p.
1220 3985 1273 4042 304
1298 3983 1438 4042 viderunt.

212 4075 270 4132 lam
301 4075 379 4130 vides
394 4091 490 4236 lquam
520 4075 619 4132 callide
650 4076 725 4132 furta
754 4091 805 4132 sua
833 4075 955 4134 misellum
984 4075 1038 4132 iste
1065 4073 1192 4132 laertius
1222 4073 1438 4132 dissimulaverit

211 4164 258 4235 [ci.
276 4166 350 4234 pli
368 4179 415 4218 u..
