3010 4866
204 187 249 254 44

203 359 1436 452 zrrf;mptop,a;aqnqnnfflueam1amvadpepa

203 471 292 560 πᾶσι
309 477 475 556 remeia
495 467 583 535 ‘iffi
604 475 662 534 καὶ
682 472 742 546 τὰ
761 468 937 554 ahaim
956 465 1090 553 ipat-5·

291 577 311 644 ὁ
334 579 365 644 d'
386 575 487 654 οάτός
508 577 752 664 [Apollodorus]
774 593 855 664 m
877 577 935 643 cir
956 579 1092 644 Κνίδιον
1113 577 1261 657 Εὔδοξον
1282 576 1438 662 ἀτιμάσαι

202 685 287 751 τοτά
307 689 367 771 την
387 691 495 772 τρίτην
515 687 572 749 zai
593 681 771 770 &aweit
783 681 995 769 Ὀλυμπιάδα
1015 683 1119 770 εἶρέν
1145 711 1180 752 τι
1207 688 1262 751 aul
1288 685 1329 751 τά
1357 688 1438 774 περὶ

203 793 262 870 τὰς
281 791 455 876 monitu
476 789 637 878 lewe&

294 901 361 966 Nec
382 901 560 965 ueracimtc
582 899 705 964 Iaertii
735 905 863 965 tantm
887 898 1028 982 confido,
1056 905 1096 966 ut
1124 900 1253 966 medam
1279 905 1437 984 quartum

203 1008 246 1074 ab
273 1007 344 1090 ipso
372 1007 517 1072 additum
548 1025 620 1071 ecoe
642 1007 810 1072 Eudoxum
837 1006 1022 1073 adfirmanti
1044 1009 1301 1091 quandoquidem
1325 1007 1439 1074 aliena

203 1115 290 1197 sapit
306 1113 453 1180 doctrina
468 1113 637 1196 alienoque
659 1114 784 1180 iudicat
804 1113 988 1196 iudicio⁴¹)‚
1011 1133 1116 1198 neque
1139 1115 1205 1182 alia
1226 1116 1294 1182 veri
1317 1122 1439 1199 patent

203 1223 306 1305 signa.
345 1223 400 1286 ‘At
413 1222 477 1286 nisi
492 1221 591 1286 trium
606 1221 811 1287 Eudoxorum
827 1221 1031 1303 catalogum',
1047 1222 1183 1304 monica,
1206 1223 1285 1307 ‘ipsc
1301 1224 1438 1290 auxisse

203 1329 372 1414 putabitur
398 1329 562 1409 Laertius,
590 1328 751 1412 quomodo
779 1329 896 1394 mirum
923 1329 1004 1394 illud
1030 1335 1143 1394 natum
1170 1335 1236 1410 eat,
1269 1330 1356 1413 quod
1393 1329 1439 1397 ad

203 1437 434 1521 Apollodorum
463 1435 741 1519 chronographum
770 1443 884 1518 aperte
911 1435 1089 1518 reapiciunt
1113 1437 1214 1502 uerba
1236 1433 1256 1501 d
1279 1436 1311 1500 δ’
1335 1431 1440 1512 οὗτός

204 1545 321 1633 ponar?
366 1545 480 1611 Nonne
503 1544 604 1610 totius
627 1543 742 1608 indicis
765 1542 922 1625 originem
944 1541 1026 1608 haec
1047 1543 1199 1625 exprimit
1220 1541 1348 1608 tabula:

292 1653 378 1719 Fons
401 1653 439 1718 h
464 1652 543 1717 Tres
566 1649 692 1715 Eudoxi
715 1649 801 1734 [curn
824 1649 1063 1732 Apollodori
1084 1647 1295 1734 testimonio}

292 1761 378 1826 Fons
400 1761 438 1826 B.
462 1759 602 1838 Quartus
624 1757 787 1822 Eudoxus.

291 1869 377 1934 Fons
401 1867 437 1932 h
462 1863 481 1930 ὅ
503 1865 533 1929 d'
558 1859 655 1939 οὗτος
677 1885 777 1950 φησιν
798 1864 882 1949 [scil.
904 1861 1198 1948 Apollodorus}

294 1975 446 2058 Speciosa
478 1991 532 2039 res
566 1991 760 2055 quamquam
793 1973 827 2037 iu
860 1971 1071 2054 compilatore
1105 1970 1337 2054 improbabilis.
1399 1973 1440 2038 ld

204 2081 290 2167 quod
315 2101 380 2148 non
403 2079 626 2148 ratiocinando
649 2079 707 2144 scd
734 2079 867 2160 reipsa
889 2077 1107 2146 confirmatur.
1152 2077 1309 2160 Exempla
1331 2077 1441 2161 igitur

204 2195 280 2254 sunt
301 2187 543 2271 perlustranda:
559 2187 633 2252 179
649 2190 760 2269 γέγονε
775 2184 812 2249 δὲ
834 2185 889 2248 κοιλ
908 2189 1013 2270 ἕτερος
1026 2181 1225 2261 Πιττακὸς
1240 2189 1441 2272 νομοθέτης,

204 2293 246 2371 ὥς
274 2313 351 2382 φησι
381 2297 609 2380 Φαβωρῖνος
636 2292 673 2359 ἐν
699 2289 1043 2378 ἀπομνημονευμάτων
1070 2295 1104 2356 α’
1127 2292 1182 2356 πολ
1209 2289 1443 2380 Δημήτριος

204 2403 241 2468 ἐν
268 2399 462 2485 ὄμονάμοις·
493 2401 533 2476 ὃς
557 2401 638 2486 [scil.
662 2401 808 2466 Pittacus
832 2399 929 2485 alter]
957 2405 1013 2463 καλ
1034 2397 1145 2485 μικρὸς
1170 2399 1438 2488 προσηγορεύθη.

203 2509 252 2576 ΙΠ
274 2512 318 2576 40
340 2509 395 2572 καλ
416 2507 563 2575 ἐτελεύτα
587 2505 753 2593 [Πλάτων]
774 2509 836 2590 μὲν
858 2505 897 2574 ὃν
919 2509 1055 2591 εἴπομεν
1081 2503 1208 2592 τρόπον
1230 2507 1442 2576 Φιλίππου

204 2615 429 2701 βασιλεύοντος
452 2615 522 2692 ἔτος
544 2615 813 2702 optematum,
845 2612 939 2680 τοθά
962 2615 1016 2678 καλ
1039 2613 1249 2700 Φοβορτνό
1256 2637 1272 2690 ς
1294 2633 1377 2702 φησι
1404 2617 1443 2682 ἒν

204 2719 543 2810 ἀπομνημονευμάτων
579 2721 621 2804 γ’,
652 2721 714 2809 ὑφ’
747 2718 792 2788 οὗ
828 2721 883 2786 καὶ
922 2721 1157 2808 ἐπιτιμηθῆναί
1194 2737 1295 2808 φησιν
1334 2719 1443 2791 οάτάν

205 2827 403 2916 Θεόπομπος
425 2831 506 2916 [scil.
532 2849 552 2896 a
574 2831 734 2914 Philippo,
758 2849 822 2897 nou
846 2849 866 2896 a
888 2829 1062 2914 Favorino]
1086 2833 1147 2896 etc.

785 3027 840 3093 IV.

294 3171 492 3256 Componere
515 3170 624 3253 placet
646 3188 729 3254 quae
751 3189 792 3236 ex
813 3169 893 3252 ipsis
922 3169 1186 3252 homonymorum
1209 3169 1372 3256 catalogis
1398 3175 1443 3242 ad

205 3285 327 3348 certum
350 3277 605 3361 recuperandum
626 3285 790 3344 auctorem
813 3282 988 3360 suppetant
1011 3277 1172 3342 indicia

294 3405 322 3452 c.
347 3385 421 3452 Dixi
444 3405 519 3450 non
541 3385 753 3452 litteratos
776 3389 929 3450 tantum
952 3383 1097 3451 homines
1120 3385 1291 3450 recenseri.

292 3491 322 3560 b.
350 3491 485 3558 ‘Indices
513 3511 553 3558 cx
575 3491 795 3576 copiosissimo
819 3491 957 3576 quodam
985 3491 1201 3576 biographo
1224 3511 1299 3560 non
1323 3497 1443 3565 modo

205 3598 531 3684 philosophorum
565 3599 623 3665 sed
658 3600 756 3666 etium
790 3605 970 3667 ceterorum
1009 3604 1168 3684 quotquot
1202 3613 1444 3673 enumerantur

275 3775 314 3846 ⁴²³)
332 3775 416 3832 Velut
434 3776 507 3845 quod
526 3775 594 3832 dicit
612 3776 655 3830 III
673 3779 708 3834 48
727 3779 801 3834 ἀονιῑ
824 3779 854 3834 δι’
871 3799 921 3850 μοι
937 3775 1051 3834 Πλάτων
1069 3775 1221 3848 ἀκριβώσας
1238 3775 1268 3832 τὸ
1290 3780 1370 3843 aldo:
1393 3787 1444 3840 καλ

205 3866 237 3922 τά
256 3871 372 3936 πρωτεῖα
391 3867 504 3928 δικαίως
523 3861 560 3920 ἂν
577 3864 668 3938 ὥσπερ
686 3865 732 3922 τοῦ
750 3866 863 3929 κάλλους
881 3864 949 3922 οὕτω
967 3865 1013 3921 xci
1036 3867 1080 3934 τῆς
1103 3863 1228 3938 εὑρέσεως
1244 3867 1443 3942 ἀποφέρεσθαι

207 3961 364 4025 comparata
374 3955 522 4024 Porphyrii
536 3955 592 4010 rita
605 3955 652 4027 [ci.
665 3973 691 4026 p.
704 3959 748 4012 73.
760 3957 806 4028 77]
819 3957 855 4012 ad
865 3955 969 4012 Laertii
982 3961 1123 4012 auctorem
1135 3957 1273 4012 revocavi.
1296 3957 1339 4013 Gi.
1352 3963 1443 4019 etiam

205 4059 232 4114 p.
251 4047 286 4102 'lt
307 4043 354 4114 [dc
379 4043 581 4114 epigrammatis
604 4061 621 4100 a
638 4045 751 4101 Laertio
774 4045 803 4099 iu
821 4045 963 4102 Platonem
989 4043 1081 4118 laclia]
1105 4051 1134 4101 ct
1153 4061 1181 4116 p.
1199 4049 1233 4102 ll
1255 4047 1304 4117 [de
1323 4049 1443 4109 iudiciis

206 4147 276 4202 quea
295 4131 387 4188 ineunt
406 4133 434 4189 in
452 4133 588 4190 indicibus
606 4133 850 4207 homonymorum}
