3034 4862
240 201 303 264 120
587 225 631 262 m.
653 221 830 264 Δκτιαοκοε
853 223 916 263 οτι
938 221 1105 262 ειοααενα.

235 371 310 452 οὖν,
333 373 415 459 ἔφη,
442 371 519 448 τοδς
541 377 732 458 συμβιωτὰς
754 379 822 440 οἰει
876 377 922 458 τῷ
937 369 1092 458 Ζῆνιινος
1105 377 1183 454 βίῳ,
1206 369 1353 454 μεγάλου
1373 395 1457 444 τινος

234 473 381 558 πόσχειν
394 478 473 541 καθ’
484 475 621 560 ἡμέραν,
637 481 669 542 εἰ
683 479 725 542 σι’·
739 483 823 561 μίαν
875 479 960 542 κατὰ
981 476 1081 560 τόχην
1102 473 1222 556 ἰχθόος
1251 477 1456 556 παρατεθέν-

233 581 279 665 pn}
308 579 451 646 δύνασαι
480 577 624 660 ἐνεγκεῖν
653 583 713 665 τήν
740 581 823 664 έμην
876 603 931 654 τος
952 579 1055 644 άλλου
1076 579 1109 642 δ’
1123 575 1258 652 οὐδενός
1279 597 1455 659 παρεσκευ-

234 681 472 768 δψοηαγίαν,·”
500 683 674 768 μειρακίου
699 684 737 748 δέ
759 707 822 748 πε-
875 685 1039 766 ασμένου,
1066 681 1178 763 λαβὸν
1203 675 1283 744 ὅλον
1304 677 1323 743 ό
1345 679 1457 763 Ζηνιυν

234 785 442 870 ριεργότερον
474 781 568 870 παρά
598 789 658 870 την
690 783 823 870 ἡλικίαν
876 784 948 861 οἰος
969 781 1009 868 ἢν
1029 787 1231 848 κατεσθίειν.
1268 781 1328 846 τοῦ
1348 782 1379 846 δ’
1401 783 1456 864 ἐμ-

234 889 420 974 έριττῶντος
434 887 559 974 ζήτημά
569 914 614 965 τι,
632 887 822 972 προσήγαγε
875 889 1063 972 βλέψαντος
1084 883 1186 971 αάτῷ,
1209 890 1266 949 “τί
1288 881 1360 962 οὖν,
1382 885 1455 968 ἔφη,

235 993 320 1076 πρός
347 995 535 1074 κάτοπτρον
567 993 623 1055 καὶ
652 991 823 1056 ἐκέλευσεν
875 993 951 1066 τοός
965 989 1129 1065 συζῦντάς
1149 1008 1207 1053 σοι
1224 993 1290 1053 οἴει
1306 989 1455 1069 πάσχειν,

234 1093 419 1180 ἐμβλέψαι·
458 1095 560 1158 ἔπειτ’
593 1093 758 1179 ἢράτησεν
790 1097 822 1160 εἰ
875 1096 907 1157 εἰ
927 1093 969 1157 σό
983 1097 1066 1176 μίαν
1080 1089 1206 1177 η’μέραν
1220 1093 1265 1176 μη
1280 1089 1454 1176 δεδόνησαι

233 1198 350 1282 δοκοίη
379 1194 468 1283 αάτῷ
497 1194 704 1280 ἁρμόττοντα
732 1201 820 1263 εἰναι
874 1197 1020 1276 ἰνεγτεῖν
1040 1193 1270 1280 όψοφαγίαν”.

237 1297 316 1390 (τῇ)
340 1297 422 1382 ὄψει
443 1299 646 1363 τὰτοιαῦτα
669 1298 844 1384 ζητήματα.
889 1301 974 1386 πρὸς
1001 1298 1040 1364 δὲ
1065 1299 1124 1362 τόν
1151 1299 1322 1383 φάσκοντα
1350 1293 1392 1372 εἰς
1420 1297 1456 1360 τὰ

237 1402 347 1466 πολλὰ
367 1399 456 1487 αὐτῷ
474 1399 688 1486 Ἀντισθένης
709 1401 768 1468 οὐκ
783 1401 931 1488 ἀρέσκοι,
954 1407 1069 1486 χρείαν
1082 1402 1290 1486 Σοφοκλέους
1306 1423 1457 1484 προενεγ-

234 1505 373 1588 κάμενος
395 1503 563 1590 η’ριότησεν
585 1510 616 1570 εἰ
637 1529 713 1570 τινα
734 1509 790 1570 καί
813 1507 899 1571 καλὰ
920 1506 1006 1588 ἔχειν
1027 1501 1115 1580 αὐτῷ
1137 1503 1243 1568 δοκεῖ·
1270 1507 1328 1568 τοῦ
1350 1504 1379 1568 δ
1400 1499 1456 1567 οἰκ

234 1606 361 1672 εἰδέναι
384 1605 568 1691 φήσαντος,
597 1617 614 1642 “
623 1609 682 1671 εἰτ’
704 1607 764 1674 οάκ
785 1609 944 1693 αἰσχόνη,
974 1609 1056 1693 ἔφη,
1087 1609 1119 1671 εἰ
1142 1611 1204 1691 μέν
1230 1632 1264 1670 τι
1285 1607 1386 1670 κατόν
1406 1609 1454 1688 εἰη

234 1711 409 1793 εἰρημένον
425 1707 497 1793 [ἀπ’
508 1707 769 1796 Ἀντισθένους],
791 1715 876 1778 τοῦτ’
892 1711 1101 1796 ἐκλεγόμενος
1116 1713 1173 1774 καί
1188 1706 1412 1794 μνημονεόιιν,
1428 1711 1456 1772 εἰ

234 1809 273 1872 δέ
300 1835 333 1874 τι
360 1808 480 1888 καλόν,
515 1809 584 1876 οὐδ’
612 1813 874 1896 ἐπιβαλλόμενος
904 1814 1094 1894 κατέχειν;”
1146 1815 1214 1894 (20)
1241 1812 1393 1888 εἰπόντος
1421 1811 1456 1874 δέ

233 1935 323 1987 τινος
344 1909 397 1976 ότι
419 1915 522 1998 μικρὰ
543 1911 630 2000 αὐτῷ
652 1916 746 1982 δοκεῖ
767 1917 809 1980 τά
828 1911 972 2000 λογάρια
992 1919 1057 1980 τῶν
1078 1911 1290 2000 φιλοσόφων,
1317 1915 1454 1994 “λέγεις,

234 2017 323 2091 εἰπε,
346 2012 492 2100 τάληθῆ·
515 2017 569 2081 δεῖ
590 2021 704 2101 μέντοι
726 2021 782 2082 καὶ
804 2021 863 2093 τὰς
878 2019 1045 2101 συλλαβὰς
1059 2015 1169 2084 αὐτῶν
1182 2022 1339 2103 βραχείας
1361 2021 1454 2085 εἰναι,

234 2120 266 2181 εἰ
287 2117 455 2184 δυνατόν.”
505 2119 657 2200 λέγοντος
685 2122 723 2188 δέ
743 2145 835 2197 τινος
856 2118 946 2206 αὐτῷ
976 2123 1053 2204 περὶ
1075 2121 1277 2205 Πολέμωνος
1305 2119 1348 2196 ὡς
1374 2119 1454 2183 ἀλλα

234 2224 446 2302 προθέμενος
467 2219 553 2286 ἄλλα
574 2225 678 2304 λέγει,
706 2223 958 2306 σκυθρωπάσας
980 2219 1059 2308 ἔφη,
1086 2221 1221 2288 “πόσου
1242 2223 1305 2308 γὰρ
1327 2219 1454 2308 ἦγόπας

234 2321 275 2386 τά
297 2320 456 2406 διδόμενα
461 2327 495 2401 ;”
518 2327 591 2392 δεῖν
612 2327 642 2390 δ’
664 2326 727 2412 ἔφη
749 2327 807 2390 τόν
828 2326 1067 2410 διαλεγόμενον
1089 2325 1201 2407 ὥσπερ
1222 2324 1299 2402 τούς
1321 2323 1452 2406 ἀποτρι-

233 2425 292 2500 τάς
318 2425 377 2509 τήν
405 2428 467 2509 μέν
493 2430 608 2514 φωνην
633 2432 689 2493 καὶ
723 2431 782 2514 την
807 2427 951 2514 δύναμιν
976 2428 1122 2513 μεγάλην
1149 2429 1250 2510 ἔχειν,
1280 2431 1318 2494 τό
1343 2433 1451 2514 μέντοι

234 2525 342 2611 στόμα
363 2528 408 2613 μη
431 2529 590 2596 διέλκειν·
613 2530 631 2596 ὃ
653 2535 765 2598 ποιεῖν
785 2533 861 2608 τούς
883 2531 994 2597 πολλὰ
1014 2533 1075 2616 μέν
1096 2532 1290 2608 λαλοῦντας,
1312 2527 1452 2597 ἀδόνατα

235 2629 281 2694 δέ.
325 2641 396 2706 τοῖς
418 2628 454 2695 εὖ
476 2632 666 2717 λεγομένοις
688 2633 747 2700 οὐκ
769 2635 832 2720 ἔφη
856 2636 928 2700 δεῖν
942 2633 1210 2699 καταλείπεσθαι
1225 2633 1331 2700 τόπον
1345 2631 1450 2714 ὥσπερ

235 2735 304 2807 τοῖς
336 2731 482 2812 ἀγαθοῖς
514 2741 678 2816 τεχνίταις
711 2739 759 2813 εἰς
791 2741 829 2803 τό
862 2737 1080 2812 θεάσασθαι,
1113 2731 1303 2803 τούναντίον
1334 2737 1371 2802 δέ
1400 2737 1451 2800 τὸν

235 2831 398 2900 ἀκούοντα
420 2833 505 2902 οόπω
528 2839 612 2922 πρός
633 2851 705 2916 τοῖς
726 2841 916 2926 λεγομένοις
936 2845 1096 2921 γίνεσθαι
1112 2837 1194 2906 ὥστε
1214 2842 1258 2925 μη
1274 2833 1450 2924 λαμβάνειν

234 2937 353 3022 χρόνον
381 2941 428 3014 εἰς
454 2941 513 3025 τὴν
534 2941 789 3026 ἐπισημείωσιν.
839 2947 906 3026 (21)
929 2949 1100 3008 νεανίσκου
1131 2941 1239 3008 πολλά
1267 2943 1448 3016 λαλοῦντος,

236 3039 311 3124 ἔφη,
336 3041 400 3104 “nd
423 3038 492 3106 ὦτά
512 3061 572 3108 σου
596 3047 643 3119 εἰς
665 3047 723 3130 τὴν
743 3047 892 3126 γλῶτταν
913 3045 1134 3130 σονερρόηκε.”
1173 3043 1258 3130 πρός
1280 3049 1337 3112 τόν
1356 3045 1449 3110 καλὸν

236 3142 375 3208 εἰπόντα
397 3139 448 3208 ότι
471 3141 510 3210 οὐ
532 3145 626 3210 δοκεῖ
647 3147 735 3235 αὐτῷ
757 3147 1013 3234 ἐρασθήσεσθαι
1036 3146 1054 3213 ό
1078 3149 1193 3232 σοφός,
1218 3147 1352 3226 “οάδέν,
1378 3150 1448 3230 ἔφη,

235 3241 327 3326 ὑμῶν
348 3243 557 3330 ἀθλιώτερον
579 3251 721 3315 ἔσεσθαι
743 3255 808 3317 τῶν
829 3253 964 3316 namur-'¹
1014 3249 1104 3330 ἔλεγε
1126 3251 1164 3315 δὲ
1193 3253 1250 3316 καί
1272 3257 1335 3318 τῶν
1356 3251 1448 3336 φιλο
1499 3245 1500 3273 ¹

236 3345 350 3431 σόφων
371 3349 449 3425 τούς
471 3350 649 3428 πλείστους
669 3355 710 3417 τό
732 3356 794 3438 μέν
816 3354 926 3420 πολλὰ
942 3347 1090 3438 ἀσόφους
1112 3357 1212 3430 εἰναι,
1235 3355 1278 3418 τά
1298 3355 1334 3419 δέ
1355 3351 1449 3438 μιτρά

236 3451 292 3512 καὶ
314 3452 438 3535 τυχηρὰ
460 3451 624 3536 ἀμαθεῖς,
653 3457 709 3520 καὶ
741 3455 942 3544 προεφέρετο
965 3457 1083 3522 τὸτοῦ
1110 3461 1295 3540 Καφισίου,
1321 3455 1357 3534 ὃς
1378 3457 1447 3520 ἰπι·
1498 3457 1499 3489 ¹

236 3549 420 3636 βαλομένου
442 3557 531 3632 τινός
552 3560 617 3624 τῶν
638 3563 801 3645 μαθητόν
821 3554 950 3646 μεγάλα
971 3561 1092 3644 φυσᾶν,
1124 3559 1274 3636 πατάξας
1299 3565 1392 3626 εἰπεν
1411 3555 1448 3632 εἰς
1497 3629 1498 3650 η

236 3695 447 3705 ---
1497 3655 1498 3705 ί

326 3783 358 3836 21
378 3781 423 3836 die
442 3783 624 3853 philosophnn
648 3786 709 3841 sind
729 3787 758 3840 in
777 3787 831 3842 den
858 3787 973 3844 meinten
991 3787 1093 3857 dingen
1113 3789 1305 3858 ungesnhinkt,
1332 3805 1384 3842 vnn
1400 3787 1448 3841 den

236 3869 441 3938 gewnhnlichen
461 3871 599 3940 begreifen
618 3874 657 3930 sie
677 3875 779 3930 ninhts:
800 3878 839 3932 sie
858 3879 953 3933 nissen
972 3893 1025 3932 nur
1043 3877 1092 3932 dns
1109 3877 1171 3932 eine
1189 3877 1239 3933 das
1257 3885 1305 3933 not
1324 3885 1373 3932 tut.
1408 3875 1448 3930 ein

237 3957 353 4012 senones
371 3961 538 4028 gegenstssck
562 3979 596 4016 zu
620 3963 682 4017 dem
701 3965 852 4022 ‘stoischen
870 3966 983 4022 κείατ’
1007 3967 1057 4020 dor
1080 3966 1203 4036 legende.
1249 3967 1298 4022 dnn
1319 3973 1386 4020 τοτε
1405 3964 1448 4018 des

237 4045 383 4114 Knphinian
402 4048 460 4116 gibt
473 4049 632 4106 Athenaeus
644 4052 709 4108 xlv
723 4057 774 4110 629
793 4071 843 4110 ευε
858 4057 935 4111 einnr
952 4055 1077 4126 apologie
1096 4056 1146 4111 der
1163 4057 1237 4112 είιεα
1255 4055 1351 4122 musii,
1369 4054 1447 4108 deren

239 4133 373 4189 τετίοεεοτ
391 4135 436 4189 ich
455 4139 526 4192 noch
545 4140 621 4194 nicht
639 4141 737 4197 kenne.
