3016 4858
1221 225 1285 290 155

58 405 188 468 ceteros
217 399 353 467 fontium
376 400 650 484 Diogenianorum
679 401 904 484 compilatores
933 401 1075 467 Diocles.
1122 401 1286 469 videamus

58 527 100 574 an
123 509 207 574 haec
222 508 321 574 etiam
337 509 458 575 rectius
474 527 570 592 quam
594 513 663 574 ete
685 507 873 575 factumest
892 506 1026 574 definire
1048 509 1154 576 liceat.
1182 527 1287 592 peuce

57 617 137 682 sitis
152 615 377 698 Xenophontis
401 616 446 700 (ΙΙ
463 616 519 697 54)
536 617 696 699 Aristippi
718 615 839 700 (1182)
863 615 1039 699 Pyrrhonis
1062 615 1123 698 (IX
1140 617 1191 682 61.
1210 614 1286 702 65¹)

58 723 219 806 adspersa
247 728 336 805 sunt,
365 741 469 806 neque
494 723 578 790 latet
599 723 680 790 haec
702 723 817 789 alienis
839 724 1002 790 interteri.
1047 723 1287 791 memorabilius

59 837 96 897 et
119 830 249 913 longius
278 836 464 914 excerptum
492 831 527 896 iu
549 831 689 913 Epicuro
720 831 821 911 inest,
849 831 905 897 ubi
928 829 1066 914 paginae
1091 829 1287 898 (lobetianae

59 939 125 1003 257
158 956 271 1004 versus
299 939 430 1004 28—38
460 955 532 1004 cum
563 937 757 1004 testimoniis
785 938 917 1021 Epicuri
945 943 978 1004 et
1004 939 1134 1004 49-51
1164 939 1286 1006 Dioclis

58 1049 152 1125 sunt,
182 1045 348 1128 egregium
371 1045 559 1112 sobrietatis
582 1045 761 1128 Epicureae
783 1045 1004 1128 praeconium3
1033 1044 1190 1114 adhaeret
1219 1047 1287 1130 epi·

59 1170 208 1235 gramma
230 1152 399 1235 Athenaei,
424 1152 491 1219 sive
513 1153 622 1235 potius
647 1153 806 1235 inhaeret,
835 1151 921 1218 haud
950 1151 1032 1218 boue
1060 1153 1287 1237 interpositum

58 1279 81 1324 a
103 1259 325 1342 compilatore.
376 1259 476 1326 latius
504 1263 619 1342 patent
645 1260 778 1327 Dioclea
806 1261 840 1326 in
864 1259 990 1344 Cynicis
1020 1265 1053 1326 et
1076 1259 1205 1343 Stoicis
1234 1261 1287 1328 hic

58 1368 157 1448 enim,
181 1367 237 1433 ubi
259 1367 300 1434 de
322 1369 487 1451 magistris
511 1372 731 1450 apostatarum
754 1367 915 1434 Aristonis
935 1367 1145 1452 Dionysiique
1168 1369 1285 1452 agitur,

58 1476 151 1541 etin
175 1473 354 1559 Chrysippo
378 1475 468 1558 (181,
498 1491 573 1540 nam
603 1473 689 1557 quod
716 1475 756 1541 de
784 1480 878 1558 patre
905 1477 967 1540 179
996 1491 1060 1541 non
1091 1474 1244 1543 dissentit
1267 1495 1287 1543 a

58 1581 189 1663 mulgeri
203 1577 298 1661 lama,
314 1581 407 1646 nihili
424 1581 488 1666 est)
503 1582 550 1647 ita
565 1581 727 1648 inducitur
739 1587 851 1648 utnon
867 1581 970 1664 possit
985 1581 1141 1665 distingui
1156 1583 1197 1648 ab
1213 1601 1286 1650 auc-

58 1687 187 1755 toribus
222 1707 242 1754 a
275 1688 421 1771 Diogene
455 1707 628 1772 numquam
662 1689 750 1756 visis.
803 1693 974 1771 praeterea
1003 1687 1109 1772 logica
1137 1689 1287 1773 specialis

60 1795 245 1862 Stoicorum
261 1813 300 1862 ex
316 1813 354 1862 eo
379 1795 542 1879 descripta
565 1799 625 1876 est,
650 1796 739 1862 cidus
755 1795 911 1862 terminos
934 1793 1033 1862 fixisti
1056 1815 1087 1879 p.
1108 1797 1157 1863 15.
1189 1797 1287 1864 etiam

59 1901 157 1984 plura
192 1903 325 1970 subesse
358 1903 508 1970 videntur
541 1905 575 1968 in
604 1901 745 1986 Cynicis,
780 1906 952 1985 postquam
980 1903 1021 1969 de
1048 1903 1192 1986 Menippi
1219 1905 1288 1970 vita

60 2013 200 2076 constat.
258 2029 296 2076 ac
323 2010 419 2076 iussit
448 2010 489 2076 ab
516 2009 709 2077 Antisthene
736 2007 896 2092 proficisci
925 2027 998 2076 eum
1026 2011 1080 2094 qui
1108 2011 1148 2076 de
1175 2010 1288 2078 Diocle

61 2117 270 2185 adductiore
293 2117 445 2185 docturus
469 2121 556 2184 esset
578 2116 749 2183 Dielesius.
790 2133 860 2182 cum
885 2116 919 2182 in
943 2118 1060 2184 ceteris
1083 2118 1200 2201 cynicis
1218 2122 1287 2185 tum

61 2224 92 2290 in
116 2225 313 2291 Antisthene
341 2224 520 2308 biographo
552 2241 629 2290 usus
659 2228 709 2289 est
735 2222 898 2305 Diogenes
925 2225 1134 2307 paupertino,
1165 2226 1220 2308 qui
1246 2245 1288 2293 ue

62 2332 176 2398 subtus
204 2331 334 2414 quidem
358 2351 397 2397 ex
420 2331 615 2414 Apollodoro
645 2330 842 2412 excerpserit
871 2335 1052 2413 temporum
1087 2333 1285 2415 notationcs;

61 2457 165 2522 neque
190 2457 230 2504 ex
254 2438 479 2505 Alexandrinis
507 2438 676 2522 quisquam
699 2441 830 2519 praeter
852 2436 1064 2522 Hermippum
1093 2442 1285 2508 nominatur.

62 2550 137 2626 post
161 2545 243 2611 duas
267 2545 489 2628 paragraphus
512 2544 553 2610 ad
577 2544 708 2610 inventa
731 2542 903 2626 transitur,
927 2563 1001 2612 mor
1024 2546 1065 2612 ad
1089 2547 1288 2632 apophtheg·

61 2656 159 2731 mata,
185 2651 261 2716 dein
285 2651 326 2718 ad
348 2651 479 2733 placita.
519 2651 666 2734 sequitur
681 2650 700 2734 ᾗ
717 2651 757 2714 12
781 2649 973 2732 placitorum
996 2653 1100 2720 altere
1120 2655 1286 2738 conlectio,

62 2757 204 2838 Dioclea,
233 2757 337 2839 proha
358 2757 496 2840 quidem,
529 2757 586 2824 sed
613 2757 666 2824 vir
689 2757 893 2825 antecedenti
920 2765 978 2826 aut
1004 2761 1164 2844 copiosior
1187 2761 1287 2828 multo

63 2869 120 2930 ant
143 2863 338 2930 adcuratior.
379 2863 454 2930 hino
477 2865 549 2947 ipso
570 2863 670 2931 rerba
693 2863 877 2931 adscribere
904 2866 988 2932 malo
1016 2866 1174 2949 διελέγετο
1197 2867 1226 2932 δ
1252 2866 1289 2934 δν

62 2969 106 3057 τῷ
129 2962 333 3057 Κυνοσάργει
356 3021 453 3038 .....
478 2968 561 3038 ὅθεν
587 2969 673 3046 τινὲς
701 2965 756 3034 καὶ
789 2970 848 3057 τὴν
875 2970 1005 3056 κυνικὴν
1032 2971 1188 3042 ἐντεῦθεν,
1216 2970 1288 3040 δνο-

63 3078 249 3163 μασθῆναι·
286 3075 433 3155 αὔτδςτ)
459 3079 646 3145 ἐπεκαλεῖτο
663 3075 863 3147 ιΑπλοκδων.
904 3080 959 3144 καλ
978 3081 1107 3167 πρῶτος
1130 3079 1288 3146 ἐδίπλωσε

64 3184 121 3252 τὸν
142 3191 296 3270 τρίβωνα,
321 3185 414 3252 καθά
436 3201 517 3275 φησι
540 3185 691 3271 Διοκλῆς,
714 3189 769 3249 καὶ
790 3183 878 3274 μόνῳ
901 3183 987 3276 αὐτῷ
1008 3186 1126 3274 ἐχρῆτο,
1150 3187 1289 3274 βάκτρον

65 3294 90 3356 δ
116 3290 257 3376 ἀνέλαβε
284 3299 339 3357 καλ
365 3291 483 3381 πήραν.
541 3301 670 3381 πρῶτον
698 3291 736 3358 δὲ
765 3293 819 3356 καλ
843 3291 996 3380 Νεάνθης
1025 3293 1103 3380 psol
1127 3294 1290 3360 διπλῶσαι

66 3397 242 3486 θοίμάτιον
266 3400 481 3488 (Σωσικράτης
509 3401 539 3468 δ’
569 3401 607 3468 ἐν
633 3394 661 3479 ν’
684 3399 853 3482 Διαδοχῶν
877 3398 1049 3486 Διόδωρον
1075 3401 1134 3467 τδν
1153 3396 1289 3467 ’Λσπέν-

67 3506 152 3589 διον)
175 3513 231 3571 καλ
252 3504 395 3587 πῶνωνα
410 3512 565 3576 καδιτναι
586 3507 641 3573 καλ
656 3503 743 3600 πήρα
766 3513 821 3571 καλ
842 3505 969 3596 βάκτρῳ
983 3508 1138 3594 χρῆσθαι.
1174 3509 1289 3575 τοῦτον

68 3611 168 3696 μόνον
194 3613 230 3678 ἐκ
256 3615 324 3679 τῶν
344 3615 556 3702 Σωκρατικῶν
579 3611 774 3698 Θεόπομπος
796 3612 927 3682 ἐπαινεῖ
950 3618 1005 3679 καλ
1029 3630 1106 3702 φησι
1128 3613 1286 3682 δοινδνδ

69 3719 101 3800 (λ
126 3719 195 3787 otoo
216 3723 261 3808 δ)
284 3725 369 3789 εἶναι
392 3723 445 3787 καλ
468 3724 508 3788 δι’
535 3720 663 3809 δμιλλας
686 3723 840 3808 ἐμμελοῦς
863 3721 1053 3803 ὑπάγεσθαι
1071 3722 1179 3788 πάνθ’
1204 3720 1289 3789 δντι-

69 3843 279 3858 ἡ

136 3896 162 3967 ⁴)
179 3897 233 3953 Hic
250 3898 420 3954 luculentum
438 3904 489 3968 est,
508 3899 659 3968 eDiogene
672 3903 831 3968 excerptum
843 3899 948 3954 Dioclis
965 3913 1062 3968 parum
1081 3898 1188 3954 curiose
1201 3897 1289 3954 intru-

71 3999 127 4038 sum
145 3999 206 4041 esse
224 3987 299 4044 ritae
317 4003 398 4056 quam
416 3989 589 4059 compilabat,
608 4003 671 4044 uam
689 3989 731 4043 uti
750 3989 802 4044 iem
820 3989 922 4058 legitur
940 3988 1094 4044 necessario
1112 3987 1147 4044 ad
1169 3987 1289 4058 Pyrrho·

72 4085 129 4127 nem
156 4074 279 4130 refertur
306 4077 379 4144 quod
407 4077 440 4134 de
465 4077 589 4149 Pythone
614 4077 716 4132 dictum
744 4083 805 4134 arat
828 4093 845 4134 a
867 4077 978 4148 Diocle;
1006 4078 1140 4148 Pythonis
1166 4077 1291 4148 proxima

73 4163 208 4220 mtecedit
226 4164 335 4220 mentio
910 4157 912 4160 ’
