3016 4858
1219 225 1278 286 121

63 395 203 461 historia
251 396 347 462 Tales
377 397 540 479 catalogos
564 399 602 463 D.
627 397 846 463 Volkmannus
873 417 904 480 p.
926 400 964 461 17
994 415 1062 480 sqq.
1096 400 1283 481 cognovisse

64 503 119 568 sibi
145 503 290 583 videtur3
326 502 400 568 hinc
430 505 577 569 residuas
606 504 691 587 apud
714 503 908 586 Hesychimn
937 522 1007 568 esse
1031 505 1186 586 quasdam
1210 524 1284 571 con-

64 609 213 690 iungendi
249 609 420 690 formulas,
460 610 549 676 velut
583 611 611 675 si
646 611 763 675 dicitur
797 609 852 672 καὶ
888 605 1063 689 αύοόςηῧ),
1105 608 1285 696 tauquam),

64 713 290 800 radespor¹³⁰)‚
326 713 518 799 similia¹³¹).
573 715 669 782 Cuius
702 717 883 798 argumenti
917 717 980 782 vim
1015 736 1078 782 uon
1113 718 1283 800 perspicio.

64 823 143 888 lllud
167 823 223 886 καί
248 821 344 897 adroic
368 825 443 906 quin
468 823 519 889 vel
543 823 658 890 Suidas
682 824 722 888 de
746 841 803 889 suo
827 824 989 890 addidisse
1014 825 1191 890 censendus
1214 828 1285 891 est?

65 929 141 1008 Quid
157 929 265 994 enim?
288 931 338 994 An
354 948 381 994 e.
401 949 429 1012 g.
444 931 605 996 Eudooiae
618 931 748 996 indiculi
761 950 800 996 ex
811 932 906 996 docto
918 950 1094 1013 provenere
1108 936 1141 996 et
1153 933 1285 1014 antiquo

65 1037 132 1121 περὶ
173 1031 350 1119 ὁμωνύμων
389 1039 508 1118 opere?
564 1039 608 1103 At
639 1038 781 1102 Eudocia
820 1055 890 1102 cum
929 1039 1092 1121 propriam
1128 1039 1285 1103 rationem

65 1143 94 1206 iu
117 1143 304 1208 adornando
329 1163 427 1226 opere
450 1150 604 1226 sequatur
628 1144 838 1227 observetque
868 1149 901 1209 et
931 1145 1114 1210 litterarum
1142 1139 1285 1210 ordinem

65 1253 95 1312 et
123 1250 210 1314 intra
234 1249 378 1330 singulas
408 1249 536 1316 litteras
563 1253 719 1317 materiae
748 1251 993 1334 aequalitatem,
1023 1271 1086 1317 non
1115 1271 1224 1318 omnes
1253 1253 1284 1317 in

66 1375 156 1420 uuum
190 1354 295 1421 lucum
331 1363 499 1423 coacervat
533 1357 755 1442 homonymos,
792 1360 849 1429 sed
877 1359 1033 1441 disiungit
1066 1359 1285 1442 philosophos,

64 1461 241 1542 historicos
266 1469 390 1546 poetas
415 1463 572 1547 rhetores
598 1471 631 1531 et
652 1466 779 1548 singula
796 1467 958 1548 componit
973 1485 1100 1548 genera.
1134 1465 1286 1530 Conferas

65 1570 155 1634 velim
191 1589 254 1652 qua
288 1571 414 1636 ratione
443 1573 597 1655 Didymos
625 1573 699 1638 illos
727 1591 854 1638 sex-
882 1591 963 1654 quos
991 1577 1024 1636 ct
1053 1572 1167 1638 Suidas
1202 1573 1287 1636 unde

67 1677 181 1756 pendet
208 1676 352 1741 Eudocia
381 1681 414 1742 et
441 1677 621 1760 Hesychius
651 1680 881 1744 coniunxerant
907 1716 936 1724 —
970 1678 1123 1760 proferat.
1172 1678 1286 1742 Tribus

66 1781 140 1848 locis
162 1791 322 1852 memorat
345 1785 502 1868 singulos:
528 1805 559 1868 p.
581 1787 642 1850 133
669 1794 709 1853 A.
733 1790 877 1872 τέτταρες
893 1785 1042 1865 ἐγένοντο
1058 1789 1282 1869 γραμματικοί,

68 1905 94 1968 p.
110 1890 171 1953 135
184 1891 421 1973 philosophum,
438 1911 469 1973 p.
486 1893 548 1958 128
561 1893 609 1957 rei
625 1894 764 1958 rusticae
781 1893 970 1974 scriptorem
983 1892 1144 1957 tractavit.
1180 1891 1285 1972 Ipsius

70 1997 316 2078 ostimentum,
342 1999 426 2080 quod
449 1999 570 2080 primos
594 2003 758 2080 quattuor,
782 2005 819 2064 ut
842 1999 989 2065 adsolent
1012 1998 1084 2082 περὶ
1107 1995 1286 2080 ὁμωνύμοιν

70 2102 253 2184 scriptores,
293 2105 379 2168 inter
414 2123 448 2169 se
484 2107 654 2188 copulavit.
710 2106 798 2172 Idem
834 2107 874 2170 de
909 2105 1101 2189 Sibyllarum
1140 2104 1286 2185 catalogo

69 2205 224 2275 Eudociae
237 2209 271 2275 in
281 2211 508 2278 dissertatione
526 2213 576 2278 ‘de
589 2211 781 2295 Sibyllarum
797 2212 964 2278 iudicibus’
982 2212 1108 2278 ostendi
1124 2231 1155 2293 p.
1171 2212 1211 2275 55
1222 2208 1285 2294 ¹³²).

137 2365 188 2436 ¹²⁸)
206 2384 226 2424 s.
248 2386 273 2420 τ.
289 2369 469 2440 Ἀστυδάμας,
487 2371 684 2441 Διοχινειανός,
703 2369 853 2432 Διονύσιος,
872 2370 1017 2440 Διόδωρος,
1032 2370 1180 2436 Ἐπίνικος,
1195 2367 1287 2422 Ἱππο-

69 2453 164 2524 κρότος,
184 2458 368 2520 Μελάνιππος,
385 2465 532 2526 Μουσαῖος,
557 2459 715 2530 Νικόμαχος,
731 2457 850 2528 Ὁρατία,
870 2459 1013 2528 Πίνδιιρος,
1028 2459 1154 2528 Πρόκλος,
1174 2457 1287 2528 Σαπφώ,

72 2545 205 2614 Τιμοκλῆς,
227 2549 390 2618 Τιμοκρέων,
412 2553 513 2619 Τίμων,
535 2553 698 2619 Τυραννίων,
718 2548 856 2619 Φιλήμων,
876 2549 1049 2614 Φιλιππίδης.

136 2631 187 2702 ¹²⁹)
204 2650 223 2688 s.
245 2651 270 2688 τ.
286 2635 449 2708 Ἀντίμαχος,
471 2642 558 2696 Λίνος.
653 2659 659 2666 ·

137 2721 187 2790 ¹³⁰)
204 2739 224 2777 a.
246 2739 271 2778 v.
290 2723 426 2792 Σωρανδς,
445 2729 596 2787 Παναίτιος,
616 2724 755 2794 Μαρσύας,
776 2722 895 2796 Κάδμος,
909 2721 1034 2793 Ἔφορος,
1051 2720 1160 2793 Ἀχαιός.

137 2809 185 2880 ¹³¹)
204 2827 225 2864 s.
246 2829 270 2866 τ.
289 2814 414 2884 Δίδυμος,
434 2813 591 2883 Εὐριπίδης,
611 2813 761 2879 Θεοδέκτης,
780 2816 962 2883 Καλλίμαχος,
978 2809 1106 2880 Κόριννα,
1127 2812 1288 2882 Σιμωνίδης,

72 2901 210 2966 Σοφοκλῆς,
229 2897 382 2970 Θερεκύδης.

140 2985 189 3057 ¹³²)
207 2988 298 3042 Pauca
316 2989 350 3042 de
369 2989 497 3042 Taetza
514 3003 626 3042 monere
644 2989 742 3058 placet.
780 2989 808 3044 Is
827 2995 874 3043 aut
892 3004 909 3043 a
929 2987 1014 3042 Suida
1034 2987 1142 3040 iuratur
1159 2986 1288 3055 homony-

73 3089 124 3128 mos
143 3075 230 3146 [velut
248 3077 485 3145 Hippocrates
504 3077 538 3131 cl.
550 3077 618 3132 Chil.
633 3077 686 3134 Vll
698 3079 761 3149 975]
781 3085 829 3132 aut
842 3078 900 3146 ipse
914 3076 1032 3131 coniecit
1050 3076 1086 3130 ib.
1101 3078 1164 3131 eol:
1183 3077 1289 3130 Λυκό-

73 3185 189 3234 ςρονες
207 3166 337 3236 γεγόνασι
354 3165 483 3237 διάφοροι
499 3167 550 3233 τὴν,
562 3169 665 3233 κλῆσιν·
678 3167 830 3237 Λυκόρρων
848 3171 913 3226 παῖς
932 3166 975 3218 τοῦ
994 3165 1141 3236 Μάστορος,
1161 3159 1288 3236 ὡςὍμη-

74 3249 114 3319 ρύς
131 3272 182 3306 που
194 3253 294 3323 χράρει
313 3257 360 3308 καί
378 3255 458 3324 ἕτερον
477 3255 645 3325 Λυκοίμρονες
667 3259 748 3325 copul
766 3257 813 3308 καί
830 3255 881 3309 τῶν
899 3253 1019 3323 δούρων.
1050 3251 1126 3306 Duos
1145 3251 1289 3306 Catones

75 3339 139 3394 idem
166 3343 251 3398 habet
278 3343 334 3412 [70]
362 3343 484 3412 duosque
512 3343 682 3412 Megacles
711 3345 764 3413 [5];
795 3343 864 3398 duas
891 3341 1076 3396 Atalantes
1105 3335 1129 3408 [ἢ
1157 3341 1208 3410 μίν
1232 3341 1289 3408 Ἀρ-

75 3427 118 3488 κιίς
141 3433 184 3483 καί
203 3431 318 3502 κυνηγός
342 3427 356 3495 ἦ
379 3431 406 3484 δ
426 3425 457 3496 ἦν
475 3431 644 3502 παλαιστρικὴ
663 3431 735 3500 453]
772 3431 918 3486 Atalantae
941 3429 1011 3484 duae
1035 3433 1182 3483 occurrunt
1207 3428 1289 3483 etiem

75 3515 198 3573 inachol.
217 3519 307 3589 Apoll.
326 3519 416 3574 Rhod.
435 3520 461 3574 A
479 3523 531 3575 769
551 3523 573 3574 l.
611 3520 664 3575 Iasi
683 3519 747 3574 lilia.
772 3523 843 3591 tripu
861 3519 915 3592 γάρ
934 3523 1003 3574 ἐστιν
1022 3515 1157 3588 ἦἎρχεία
1177 3514 1191 3582 ί]
1210 3524 1288 3588 Σχοι-

76 3609 143 3669 νέως,
159 3604 192 3673 ἣν
210 3613 308 3680 ἔχομεν
322 3605 516 3679 Ἱππομέδων]
535 3639 569 3647 —-
587 3607 663 3663 idem
683 3608 756 3662 cadit
775 3608 803 3662 in
822 3607 1077 3662 Timarchorum
1095 3604 1218 3660 iudicem.
1249 3605 1289 3658 Gi.

76 3693 152 3748 arhol.
171 3697 299 3752 leschin.
322 3699 369 3752 157
390 3696 584 3768 Τιμαρχώδεις]
607 3699 678 3750 τοῦτο
698 3700 848 3769 Παρμένων
871 3693 885 3749 ὃ
907 3694 1026 3768 κωμικὸς
1048 3697 1169 3761 ἔσκωψεν
1188 3699 1225 3756 είς
1245 3701 1289 3748 Τί·

77 3804 175 3856 μαρχον
200 3785 289 3839 τοῦτον
315 3785 362 3840 τόν
389 3785 496 3856 ῥήτορα·
524 3779 556 3851 ἦν
583 3787 612 3839 δὲ
636 3788 682 3839 καί
705 3786 791 3856 ἔτερος
815 3792 952 3858 Τίμαρχος
972 3787 1077 3838 Τεισίου
1094 3783 1144 3854 μὶν
1163 3783 1220 3842 υίὸς
1247 3783 1291 3836 τοῦ

73 3865 247 3942 Ῥαμνουσίου,
266 3872 434 3944 Ἶρικράτονς
455 3873 614 3944 άδελριδοός
636 3876 682 3930 τού
704 3877 854 3946 στρατηγοῦ.
891 3874 995 3942 Nempe
1018 3889 1052 3928 ex
1071 3871 1207 3926 Aeschine
1231 3872 1290 3940 ipso

77 3957 162 4013 hausit
179 3961 338 4016 scholiasta:
363 3963 465 4032 πρῶτον
489 3965 540 4036 μίν
564 3963 608 4017 τόν
632 3965 794 4034 ἀδελφιδοῦν
813 3964 859 4018 τὸν
873 3961 1040 4034 Ἰφικράτους
1060 3961 1118 4016 υίόν
1137 3961 1167 4014 δὲ
1188 3967 1291 4015 Τεισίου

77 4048 116 4102 τοῦ
128 4045 313 4122 Ῥαμνουσίου,
336 4048 483 4123 ὁμώνυμον
505 4053 533 4106 δι’
554 4053 599 4106 τοῦ
622 4055 682 4106 νυνί
704 4057 863 4124 κρινομένου
884 4051 1021 4125 Τιμάρχου
1038 4055 1090 4106 κτλ.
1109 4081 1144 4090 -
1163 4049 1291 4105 Ceterum

79 4145 106 4190 nt
131 4139 352 4209 homonymorum
379 4139 526 4196 latinorum
553 4140 675 4196 adieram
703 4140 867 4207 indiculum,
896 4141 991 4196 Aelius
1015 4141 1141 4195 Donatus
1168 4138 1291 4194 Terentii
