<?xml version="1.0" encoding="UTF-8"?>
<!DOCTYPE html PUBLIC "-//W3C//DTD XHTML 1.0 Transitional//EN"
    "http://www.w3.org/TR/xhtml1/DTD/xhtml1-transitional.dtd">
<html xmlns="http://www.w3.org/1999/xhtml" xml:lang="en" lang="en">
 <head>
  <title>
</title>
<meta http-equiv="Content-Type" content="text/html;charset=utf-8" />
  <meta name='ocr-system' content='tesseract 3.04.00' />
  <meta name='ocr-capabilities' content='ocr_page ocr_carea ocr_par ocr_line ocrx_word'/>
</head>
<body>
  <div class='ocr_page' id='page_1' title='image "./philologischeun00maasgoog/philologischeun00maasgoog_0389.png"; bbox 0 0 3010 4866; ppageno 0'>
   <div class='ocr_carea' id='block_1_1' title="bbox 218 206 259 268">
    <p class='ocr_par' dir='ltr' id='par_1_1' title="bbox 218 206 259 268">
     <span class='ocr_line' id='line_1_1' title="bbox 218 206 259 268; baseline 0 0"><span class='ocrx_word' id='word_1_1' title='bbox 218 206 259 268; x_wconf 70' lang='lat' dir='ltr'>ID</span> 
     </span>
    </p>
   </div>
   <div class='ocr_carea' id='block_1_2' title="bbox 213 376 1446 4226">
    <p class='ocr_par' dir='ltr' id='par_1_2' title="bbox 213 376 1444 2502">
     <span class='ocr_line' id='line_1_2' title="bbox 214 376 1438 464; baseline -0.002 -18"><span class='ocrx_word' id='word_1_2' title='bbox 214 381 330 464; x_wconf 77' lang='lat' dir='ltr'>placet,</span> <span class='ocrx_word' id='word_1_3' title='bbox 352 379 587 458; x_wconf 82' lang='lat' dir='ltr'>obseruatione,</span> <span class='ocrx_word' id='word_1_4' title='bbox 605 377 690 460; x_wconf 92' lang='lat' dir='ltr'>quod</span> <span class='ocrx_word' id='word_1_5' title='bbox 709 396 867 460; x_wconf 79' lang='lat' dir='ltr'>persaepe</span> <span class='ocrx_word' id='word_1_6' title='bbox 882 379 1021 462; x_wconf 85' lang='lat' dir='ltr'>quodam</span> <span class='ocrx_word' id='word_1_7' title='bbox 1037 377 1163 444; x_wconf 81' lang='lat' dir='ltr'>vinculo</span> <span class='ocrx_word' id='word_1_8' title='bbox 1178 376 1438 462; x_wconf 86' lang='lat' dir='ltr'>pbilosophorum</span> 
     </span>
     <span class='ocr_line' id='line_1_3' title="bbox 214 485 1440 572; baseline -0.002 -18"><span class='ocrx_word' id='word_1_9' title='bbox 214 489 336 572; x_wconf 89' lang='lat' dir='ltr'>placita</span> <span class='ocrx_word' id='word_1_10' title='bbox 358 487 445 569; x_wconf 89' lang='lat' dir='ltr'>apud</span> <span class='ocrx_word' id='word_1_11' title='bbox 467 487 633 552; x_wconf 88' lang='lat' dir='ltr'>Laertium</span> <span class='ocrx_word' id='word_1_12' title='bbox 657 504 728 552; x_wconf 90' lang='lat' dir='ltr'>cum</span> <span class='ocrx_word' id='word_1_13' title='bbox 751 485 906 552; x_wconf 89' lang='lat' dir='ltr'>librorum</span> <span class='ocrx_word' id='word_1_14' title='bbox 931 486 1087 568; x_wconf 75' lang='lat' dir='ltr'><strong>catalogis</strong></span> <span class='ocrx_word' id='word_1_15' title='bbox 1111 485 1176 552; x_wconf 91' lang='lat' dir='ltr'>siut</span> <span class='ocrx_word' id='word_1_16' title='bbox 1199 486 1357 568; x_wconf 87' lang='lat' dir='ltr'>copulata.</span> <span class='ocrx_word' id='word_1_17' title='bbox 1395 485 1440 552; x_wconf 92' lang='lat' dir='ltr'>Ut</span> 
     </span>
     <span class='ocr_line' id='line_1_4' title="bbox 214 589 1439 678; baseline -0.005 -16"><span class='ocrx_word' id='word_1_18' title='bbox 214 616 253 662; x_wconf 90' lang='lat' dir='ltr'>er</span> <span class='ocrx_word' id='word_1_19' title='bbox 278 595 434 678; x_wconf 81' lang='lat' dir='ltr'>exemplis</span> <span class='ocrx_word' id='word_1_20' title='bbox 457 593 701 660; x_wconf 83' lang='lat' dir='ltr'>Nietascheeuis</span> <span class='ocrx_word' id='word_1_21' title='bbox 724 592 789 658; x_wconf 89' lang='lat' dir='ltr'>trie</span> <span class='ocrx_word' id='word_1_22' title='bbox 812 592 989 674; x_wconf 82' lang='lat' dir='ltr'>proferem,</span> <span class='ocrx_word' id='word_1_23' title='bbox 1013 593 1091 658; x_wconf 86' lang='lat' dir='ltr'>VIII</span> <span class='ocrx_word' id='word_1_24' title='bbox 1114 594 1134 656; x_wconf 89' lang='grc'>9</span> <span class='ocrx_word' id='word_1_25' title='bbox 1158 589 1194 656; x_wconf 82' lang='grc' dir='ltr'>ἐν</span> <span class='ocrx_word' id='word_1_26' title='bbox 1217 591 1253 656; x_wconf 70' lang='grc' dir='ltr'>δὲ</span> <span class='ocrx_word' id='word_1_27' title='bbox 1275 603 1338 668; x_wconf 76' lang='grc' dir='ltr'><strong><em>τοις</em></strong></span> <span class='ocrx_word' id='word_1_28' title='bbox 1359 591 1439 676; x_wconf 70' lang='grc' dir='ltr'><strong><em>τρισὶ</em></strong></span> 
     </span>
     <span class='ocr_line' id='line_1_5' title="bbox 215 697 1439 788; baseline -0.002 -21"><span class='ocrx_word' id='word_1_29' title='bbox 215 699 441 788; x_wconf 74' lang='grc' dir='ltr'><em>συγγράμμασι</em></span> <span class='ocrx_word' id='word_1_30' title='bbox 463 713 530 774; x_wconf 75' lang='grc' dir='ltr'><strong><em>τοῖς</em></strong></span> <span class='ocrx_word' id='word_1_31' title='bbox 551 702 790 785; x_wconf 73' lang='grc' dir='ltr'><strong><em>προειρημένοις</em></strong></span> <span class='ocrx_word' id='word_1_32' title='bbox 813 705 944 785; x_wconf 74' lang='grc' dir='ltr'><strong><em>φέρεται</em></strong></span> <span class='ocrx_word' id='word_1_33' title='bbox 969 699 1169 786; x_wconf 75' lang='grc' dir='ltr'><strong><em>Πυθαγόρου</em></strong></span> <span class='ocrx_word' id='word_1_34' title='bbox 1190 697 1285 764; x_wconf 80' lang='grc' dir='ltr'><em>τάδε·</em></span> <span class='ocrx_word' id='word_1_35' title='bbox 1329 699 1439 766; x_wconf 79' lang='lat' dir='ltr'>1x45</span> 
     </span>
     <span class='ocr_line' id='line_1_6' title="bbox 214 803 1440 894; baseline -0.003 -18"><span class='ocrx_word' id='word_1_36' title='bbox 214 811 268 876; x_wconf 75' lang='lat' dir='ltr'>aei</span> <span class='ocrx_word' id='word_1_37' title='bbox 294 812 399 876; x_wconf 73' lang='lat' dir='ltr'>carim</span> <span class='ocrx_word' id='word_1_38' title='bbox 429 811 489 893; x_wconf 70' lang='grc' dir='ltr'>μὲν</span> <span class='ocrx_word' id='word_1_39' title='bbox 516 803 604 894; x_wconf 70' lang='grc' dir='ltr'>αὐτῷ</span> <span class='ocrx_word' id='word_1_40' title='bbox 631 804 750 872; x_wconf 69' lang='grc' dir='ltr'><strong><em>ἐδόκει·</em></strong></span> <span class='ocrx_word' id='word_1_41' title='bbox 781 807 822 872; x_wconf 82' lang='grc' dir='ltr'>τὰ</span> <span class='ocrx_word' id='word_1_42' title='bbox 855 807 893 872; x_wconf 78' lang='grc' dir='ltr'>δὲ</span> <span class='ocrx_word' id='word_1_43' title='bbox 920 807 1033 889; x_wconf 73' lang='grc' dir='ltr'><strong><em>βιβλία</em></strong></span> <span class='ocrx_word' id='word_1_44' title='bbox 1061 804 1164 874; x_wconf 63' lang='lat' dir='ltr'>aient</span> <span class='ocrx_word' id='word_1_45' title='bbox 1190 807 1245 870; x_wconf 72' lang='lat' dir='ltr'>aei</span> <span class='ocrx_word' id='word_1_46' title='bbox 1273 805 1440 893; x_wconf 77' lang='grc' dir='ltr'><strong><em>Θράσυλος</em></strong></span> 
     </span>
     <span class='ocr_line' id='line_1_7' title="bbox 214 911 1440 1004; baseline -0.005 -22"><span class='ocrx_word' id='word_1_47' title='bbox 214 916 421 1004; x_wconf 72' lang='grc' dir='ltr'><strong><em>ἀναγέγραφε</em></strong></span> <span class='ocrx_word' id='word_1_48' title='bbox 454 913 539 980; x_wconf 75' lang='grc' dir='ltr'><strong><em>κατὰ</em></strong></span> <span class='ocrx_word' id='word_1_49' title='bbox 572 911 666 994; x_wconf 77' lang='grc' dir='ltr'><strong><em>τάξιν</em></strong></span> <span class='ocrx_word' id='word_1_50' title='bbox 700 912 799 992; x_wconf 74' lang='grc' dir='ltr'><strong><em>οὕτως</em></strong></span> <span class='ocrx_word' id='word_1_51' title='bbox 830 913 967 1000; x_wconf 70' lang='grc' dir='ltr'><strong><em>ὡσπερεὶ</em></strong></span> <span class='ocrx_word' id='word_1_52' title='bbox 999 919 1054 980; x_wconf 73' lang='grc' dir='ltr'>καὶ</span> <span class='ocrx_word' id='word_1_53' title='bbox 1080 913 1120 978; x_wconf 73' lang='lat' dir='ltr'>cci</span> <span class='ocrx_word' id='word_1_54' title='bbox 1151 911 1324 989; x_wconf 68' lang='grc' dir='ltr'>Πλάτωνος</span> <span class='ocrx_word' id='word_1_55' title='bbox 1358 915 1440 980; x_wconf 71' lang='grc' dir='ltr'>κατὰ</span> 
     </span>
     <span class='ocr_line' id='line_1_8' title="bbox 213 1018 1441 1110; baseline -0.007 -18"><span class='ocrx_word' id='word_1_56' title='bbox 213 1025 432 1110; x_wconf 71' lang='grc' dir='ltr'><strong><em>τετραλογίαν.</em></strong></span> <span class='ocrx_word' id='word_1_57' title='bbox 479 1023 540 1088; x_wconf 88' lang='lat' dir='ltr'>VH</span> <span class='ocrx_word' id='word_1_58' title='bbox 564 1023 606 1088; x_wconf 88' lang='grc'>38</span> <span class='ocrx_word' id='word_1_59' title='bbox 634 1019 699 1087; x_wconf 70' lang='lat' dir='ltr'>tort</span> <span class='ocrx_word' id='word_1_60' title='bbox 726 1024 787 1105; x_wconf 74' lang='grc' dir='ltr'>μὲν</span> <span class='ocrx_word' id='word_1_61' title='bbox 810 1019 871 1088; x_wconf 81' lang='grc' dir='ltr'>οὖν</span> <span class='ocrx_word' id='word_1_62' title='bbox 893 1018 993 1089; x_wconf 73' lang='grc' dir='ltr'><strong><em>αὐτοῦ</em></strong></span> <span class='ocrx_word' id='word_1_63' title='bbox 1026 1021 1082 1087; x_wconf 62' lang='grc' dir='ltr'>καὶ</span> <span class='ocrx_word' id='word_1_64' title='bbox 1108 1020 1146 1086; x_wconf 77' lang='grc' dir='ltr'>ια’</span> <span class='ocrx_word' id='word_1_65' title='bbox 1174 1025 1441 1108; x_wconf 70' lang='grc' dir='ltr'><strong><em>προγεγραμμένα</em></strong></span> 
     </span>
     <span class='ocr_line' id='line_1_9' title="bbox 213 1125 1441 1218; baseline -0.007 -20"><span class='ocrx_word' id='word_1_66' title='bbox 213 1133 324 1218; x_wconf 67' lang='grc' dir='ltr'><strong><em>βιβλία</em></strong></span> <span class='ocrx_word' id='word_1_67' title='bbox 352 1131 478 1214; x_wconf 75' lang='grc' dir='ltr'><strong><em>πολλοὶ,</em></strong></span> <span class='ocrx_word' id='word_1_68' title='bbox 514 1131 551 1195; x_wconf 74' lang='grc' dir='ltr'>ἐν</span> <span class='ocrx_word' id='word_1_69' title='bbox 584 1130 630 1206; x_wconf 70' lang='grc' dir='ltr'>οἷς</span> <span class='ocrx_word' id='word_1_70' title='bbox 664 1129 821 1216; x_wconf 76' lang='grc' dir='ltr'>ἐλάλησεν</span> <span class='ocrx_word' id='word_1_71' title='bbox 853 1127 894 1205; x_wconf 82' lang='grc' dir='ltr'>ὡς</span> <span class='ocrx_word' id='word_1_72' title='bbox 927 1125 1032 1204; x_wconf 73' lang='grc' dir='ltr'><strong><em>οὐδεὶς</em></strong></span> <span class='ocrx_word' id='word_1_73' title='bbox 1059 1135 1124 1194; x_wconf 80' lang='grc' dir='ltr'>τῶν</span> <span class='ocrx_word' id='word_1_74' title='bbox 1152 1128 1307 1194; x_wconf 66' lang='lat' dir='ltr'>aceede·</span> <span class='ocrx_word' id='word_1_75' title='bbox 1336 1125 1376 1192; x_wconf 75' lang='grc' dir='ltr'>τὰ</span> <span class='ocrx_word' id='word_1_76' title='bbox 1407 1127 1441 1191; x_wconf 79' lang='lat' dir='ltr'>di</span> 
     </span>
     <span class='ocr_line' id='line_1_10' title="bbox 214 1235 1441 1323; baseline -0.005 -17"><span class='ocrx_word' id='word_1_77' title='bbox 214 1237 364 1323; x_wconf 80' lang='grc' dir='ltr'><strong><em>δόγμαια</em></strong></span> <span class='ocrx_word' id='word_1_78' title='bbox 386 1242 500 1312; x_wconf 79' lang='grc' dir='ltr'><strong><em>κοινῶς</em></strong></span> <span class='ocrx_word' id='word_1_79' title='bbox 521 1237 589 1302; x_wconf 75' lang='grc' dir='ltr'>ἐστὶ</span> <span class='ocrx_word' id='word_1_80' title='bbox 610 1236 695 1304; x_wconf 69' lang='grc' dir='ltr'><em>τάδε.</em></span> <span class='ocrx_word' id='word_1_81' title='bbox 725 1238 817 1304; x_wconf 88' lang='lat' dir='ltr'>Henc</span> <span class='ocrx_word' id='word_1_82' title='bbox 841 1237 1027 1304; x_wconf 78' lang='lat' dir='ltr'>conectendi</span> <span class='ocrx_word' id='word_1_83' title='bbox 1047 1237 1207 1302; x_wconf 90' lang='lat' dir='ltr'>rationem</span> <span class='ocrx_word' id='word_1_84' title='bbox 1231 1235 1379 1302; x_wconf 89' lang='lat' dir='ltr'>eDiocle</span> <span class='ocrx_word' id='word_1_85' title='bbox 1402 1235 1441 1300; x_wconf 88' lang='lat' dir='ltr'>ed</span> 
     </span>
     <span class='ocr_line' id='line_1_11' title="bbox 214 1343 1441 1427; baseline -0.005 -13"><span class='ocrx_word' id='word_1_86' title='bbox 214 1348 379 1414; x_wconf 81' lang='lat' dir='ltr'>Laertium</span> <span class='ocrx_word' id='word_1_87' title='bbox 402 1345 581 1412; x_wconf 82' lang='lat' dir='ltr'>transiisse.</span> <span class='ocrx_word' id='word_1_88' title='bbox 621 1345 746 1412; x_wconf 85' lang='lat' dir='ltr'>Deinde</span> <span class='ocrx_word' id='word_1_89' title='bbox 769 1345 890 1427; x_wconf 87' lang='lat' dir='ltr'>plecitu</span> <span class='ocrx_word' id='word_1_90' title='bbox 913 1345 1045 1427; x_wconf 88' lang='lat' dir='ltr'>Epicuri</span> <span class='ocrx_word' id='word_1_91' title='bbox 1069 1349 1103 1410; x_wconf 92' lang='lat' dir='ltr'>et</span> <span class='ocrx_word' id='word_1_92' title='bbox 1125 1344 1263 1410; x_wconf 88' lang='lat' dir='ltr'>indIcem</span> <span class='ocrx_word' id='word_1_93' title='bbox 1286 1343 1441 1410; x_wconf 91' lang='lat' dir='ltr'>librorum</span> 
     </span>
     <span class='ocr_line' id='line_1_12' title="bbox 213 1451 1442 1536; baseline -0.006 -14"><span class='ocrx_word' id='word_1_94' title='bbox 213 1456 329 1522; x_wconf 75' lang='lat' dir='ltr'>misum</span> <span class='ocrx_word' id='word_1_95' title='bbox 353 1457 388 1520; x_wconf 86' lang='lat' dir='ltr'>In</span> <span class='ocrx_word' id='word_1_96' title='bbox 412 1454 540 1520; x_wconf 90' lang='lat' dir='ltr'>modurn</span> <span class='ocrx_word' id='word_1_97' title='bbox 565 1453 756 1519; x_wconf 90' lang='lat' dir='ltr'>consentire.</span> <span class='ocrx_word' id='word_1_98' title='bbox 804 1453 915 1536; x_wconf 86' lang='lat' dir='ltr'>Neque</span> <span class='ocrx_word' id='word_1_99' title='bbox 944 1452 1029 1518; x_wconf 88' lang='lat' dir='ltr'>enirn</span> <span class='ocrx_word' id='word_1_100' title='bbox 1060 1452 1168 1518; x_wconf 90' lang='lat' dir='ltr'>omnia</span> <span class='ocrx_word' id='word_1_101' title='bbox 1190 1451 1322 1534; x_wconf 86' lang='lat' dir='ltr'>Epicuri</span> <span class='ocrx_word' id='word_1_102' title='bbox 1344 1469 1442 1533; x_wconf 91' lang='lat' dir='ltr'>opere</span> 
     </span>
     <span class='ocr_line' id='line_1_13' title="bbox 214 1557 1443 1643; baseline -0.006 -14"><span class='ocrx_word' id='word_1_103' title='bbox 214 1564 271 1630; x_wconf 91' lang='lat' dir='ltr'>sed</span> <span class='ocrx_word' id='word_1_104' title='bbox 295 1563 416 1629; x_wconf 90' lang='lat' dir='ltr'>selecte</span> <span class='ocrx_word' id='word_1_105' title='bbox 439 1562 541 1628; x_wconf 86' lang='lat' dir='ltr'>XLIV</span> <span class='ocrx_word' id='word_1_106' title='bbox 562 1561 758 1639; x_wconf 87' lang='lat' dir='ltr'>enumerari;</span> <span class='ocrx_word' id='word_1_107' title='bbox 783 1579 866 1643; x_wconf 91' lang='lat' dir='ltr'>quae</span> <span class='ocrx_word' id='word_1_108' title='bbox 889 1559 1080 1640; x_wconf 81' lang='lat' dir='ltr'>placitorum</span> <span class='ocrx_word' id='word_1_109' title='bbox 1105 1559 1244 1641; x_wconf 77' lang='lat' dir='ltr'>scriptor</span> <span class='ocrx_word' id='word_1_110' title='bbox 1267 1557 1443 1624; x_wconf 92' lang='lat' dir='ltr'>testimonii</span> 
     </span>
     <span class='ocr_line' id='line_1_14' title="bbox 213 1665 1442 1750; baseline -0.004 -14"><span class='ocrx_word' id='word_1_111' title='bbox 213 1671 284 1736; x_wconf 90' lang='lat' dir='ltr'>loco</span> <span class='ocrx_word' id='word_1_112' title='bbox 323 1669 473 1734; x_wconf 82' lang='lat' dir='ltr'>adhibuit</span> <span class='ocrx_word' id='word_1_113' title='bbox 509 1668 638 1750; x_wconf 86' lang='lat' dir='ltr'>uiginti,</span> <span class='ocrx_word' id='word_1_114' title='bbox 678 1668 810 1732; x_wconf 91' lang='lat' dir='ltr'>omnia</span> <span class='ocrx_word' id='word_1_115' title='bbox 847 1668 880 1732; x_wconf 93' lang='lat' dir='ltr'>iu</span> <span class='ocrx_word' id='word_1_116' title='bbox 920 1666 984 1732; x_wconf 84' lang='lat' dir='ltr'>illis</span> <span class='ocrx_word' id='word_1_117' title='bbox 1018 1665 1121 1734; x_wconf 88' lang='lat' dir='ltr'>XLIV</span> <span class='ocrx_word' id='word_1_118' title='bbox 1155 1684 1237 1732; x_wconf 88' lang='lat' dir='ltr'>esse.</span> <span class='ocrx_word' id='word_1_119' title='bbox 1296 1665 1346 1732; x_wconf 83' lang='lat' dir='ltr'>nb</span> <span class='ocrx_word' id='word_1_120' title='bbox 1380 1683 1442 1732; x_wconf 92' lang='lat' dir='ltr'>uno</span> 
     </span>
     <span class='ocr_line' id='line_1_15' title="bbox 214 1772 1442 1860; baseline -0.004 -18"><span class='ocrx_word' id='word_1_121' title='bbox 214 1779 314 1860; x_wconf 87' lang='lat' dir='ltr'>igItur</span> <span class='ocrx_word' id='word_1_122' title='bbox 344 1776 521 1858; x_wconf 88' lang='lat' dir='ltr'>eodemque</span> <span class='ocrx_word' id='word_1_123' title='bbox 550 1779 681 1841; x_wconf 85' lang='lat' dir='ltr'>auctore</span> <span class='ocrx_word' id='word_1_124' title='bbox 710 1779 744 1838; x_wconf 91' lang='lat' dir='ltr'>et</span> <span class='ocrx_word' id='word_1_125' title='bbox 771 1774 964 1855; x_wconf 86' lang='lat' dir='ltr'>placitorum</span> <span class='ocrx_word' id='word_1_126' title='bbox 993 1779 1027 1840; x_wconf 91' lang='lat' dir='ltr'>et</span> <span class='ocrx_word' id='word_1_127' title='bbox 1058 1791 1190 1856; x_wconf 90' lang='lat' dir='ltr'>operum</span> <span class='ocrx_word' id='word_1_128' title='bbox 1224 1772 1442 1840; x_wconf 85' lang='lat' dir='ltr'>recensionem</span> 
     </span>
     <span class='ocr_line' id='line_1_16' title="bbox 214 1879 1443 1968; baseline -0.003 -18"><span class='ocrx_word' id='word_1_129' title='bbox 214 1884 392 1968; x_wconf 81' lang='lat' dir='ltr'>prolectam</span> <span class='ocrx_word' id='word_1_130' title='bbox 417 1901 503 1962; x_wconf 89' lang='lat' dir='ltr'>esse,</span> <span class='ocrx_word' id='word_1_131' title='bbox 533 1882 601 1948; x_wconf 92' lang='lat' dir='ltr'>scil.</span> <span class='ocrx_word' id='word_1_132' title='bbox 627 1901 647 1946; x_wconf 87' lang='lat' dir='ltr'>a</span> <span class='ocrx_word' id='word_1_133' title='bbox 669 1882 791 1948; x_wconf 91' lang='lat' dir='ltr'>Diocle.</span> <span class='ocrx_word' id='word_1_134' title='bbox 838 1881 940 1948; x_wconf 89' lang='lat' dir='ltr'>Porro</span> <span class='ocrx_word' id='word_1_135' title='bbox 969 1881 1113 1963; x_wconf 84' lang='lat' dir='ltr'>exeeptis</span> <span class='ocrx_word' id='word_1_136' title='bbox 1136 1879 1260 1948; x_wconf 89' lang='lat' dir='ltr'>duobus</span> <span class='ocrx_word' id='word_1_137' title='bbox 1284 1879 1443 1963; x_wconf 73' lang='lat' dir='ltr'>Thrasylli</span> 
     </span>
     <span class='ocr_line' id='line_1_17' title="bbox 214 1987 1443 2072; baseline -0.003 -16"><span class='ocrx_word' id='word_1_138' title='bbox 214 1991 373 2056; x_wconf 88' lang='lat' dir='ltr'>indicibus</span> <span class='ocrx_word' id='word_1_139' title='bbox 405 2007 514 2055; x_wconf 90' lang='lat' dir='ltr'>omnes</span> <span class='ocrx_word' id='word_1_140' title='bbox 542 1989 743 2054; x_wconf 84' lang='lat' dir='ltr'>Demetrium</span> <span class='ocrx_word' id='word_1_141' title='bbox 772 1989 958 2072; x_wconf 78' lang='lat' dir='ltr'>Magnetem</span> <span class='ocrx_word' id='word_1_142' title='bbox 988 1987 1109 2054; x_wconf 90' lang='lat' dir='ltr'>bebere</span> <span class='ocrx_word' id='word_1_143' title='bbox 1143 1991 1307 2054; x_wconf 86' lang='lat' dir='ltr'>auctorem</span> <span class='ocrx_word' id='word_1_144' title='bbox 1336 2023 1381 2036; x_wconf 91' lang='lat'>-</span> <span class='ocrx_word' id='word_1_145' title='bbox 1412 1987 1443 2052; x_wconf 93' lang='lat' dir='ltr'>id</span> 
     </span>
     <span class='ocr_line' id='line_1_18' title="bbox 214 2095 1443 2182; baseline -0.003 -18"><span class='ocrx_word' id='word_1_146' title='bbox 214 2099 300 2182; x_wconf 91' lang='lat' dir='ltr'>quod</span> <span class='ocrx_word' id='word_1_147' title='bbox 323 2117 358 2163; x_wconf 93' lang='lat' dir='ltr'>se</span> <span class='ocrx_word' id='word_1_148' title='bbox 375 2097 440 2162; x_wconf 86' lang='lat' dir='ltr'>elia</span> <span class='ocrx_word' id='word_1_149' title='bbox 462 2099 524 2176; x_wconf 84' lang='lat' dir='ltr'>uin,</span> <span class='ocrx_word' id='word_1_150' title='bbox 548 2096 588 2162; x_wconf 89' lang='lat' dir='ltr'>de</span> <span class='ocrx_word' id='word_1_151' title='bbox 604 2115 668 2181; x_wconf 88' lang='lat' dir='ltr'>qua</span> <span class='ocrx_word' id='word_1_152' title='bbox 690 2102 766 2180; x_wconf 92' lang='lat' dir='ltr'>post</span> <span class='ocrx_word' id='word_1_153' title='bbox 787 2097 908 2177; x_wconf 84' lang='lat' dir='ltr'>videro,</span> <span class='ocrx_word' id='word_1_154' title='bbox 932 2095 1093 2162; x_wconf 86' lang='lat' dir='ltr'>iuvenisse</span> <span class='ocrx_word' id='word_1_155' title='bbox 1115 2096 1274 2178; x_wconf 90' lang='lat' dir='ltr'>glorietur</span> <span class='ocrx_word' id='word_1_156' title='bbox 1289 2117 1348 2161; x_wconf 90' lang='lat'>-:</span> <span class='ocrx_word' id='word_1_157' title='bbox 1367 2113 1443 2178; x_wconf 89' lang='lat' dir='ltr'>crgo</span> 
     </span>
     <span class='ocr_line' id='line_1_19' title="bbox 214 2203 1444 2288; baseline -0.003 -16"><span class='ocrx_word' id='word_1_158' title='bbox 214 2206 415 2272; x_wconf 89' lang='lat' dir='ltr'>Demetrium</span> <span class='ocrx_word' id='word_1_159' title='bbox 438 2203 639 2286; x_wconf 80' lang='lat' dir='ltr'>Magnetem,</span> <span class='ocrx_word' id='word_1_160' title='bbox 669 2205 921 2288; x_wconf 90' lang='lat' dir='ltr'>quotiescunque</span> <span class='ocrx_word' id='word_1_161' title='bbox 949 2203 1035 2286; x_wconf 86' lang='lat' dir='ltr'>opud</span> <span class='ocrx_word' id='word_1_162' title='bbox 1059 2203 1222 2270; x_wconf 83' lang='lat' dir='ltr'>Laertium</span> <span class='ocrx_word' id='word_1_163' title='bbox 1251 2203 1319 2269; x_wconf 85' lang='lat' dir='ltr'>sive</span> <span class='ocrx_word' id='word_1_164' title='bbox 1342 2205 1444 2270; x_wconf 82' lang='lat' dir='ltr'>lateat</span> 
     </span>
     <span class='ocr_line' id='line_1_20' title="bbox 214 2311 1444 2394; baseline -0.002 -16"><span class='ocrx_word' id='word_1_165' title='bbox 214 2331 272 2378; x_wconf 90' lang='lat' dir='ltr'>seu</span> <span class='ocrx_word' id='word_1_166' title='bbox 296 2317 491 2394; x_wconf 85' lang='lat' dir='ltr'>compareat,</span> <span class='ocrx_word' id='word_1_167' title='bbox 515 2311 626 2378; x_wconf 88' lang='lat' dir='ltr'>deberi</span> <span class='ocrx_word' id='word_1_168' title='bbox 649 2311 762 2378; x_wconf 89' lang='lat' dir='ltr'>Diocli.</span> <span class='ocrx_word' id='word_1_169' title='bbox 807 2311 957 2378; x_wconf 91' lang='lat' dir='ltr'>Dioclis</span> <span class='ocrx_word' id='word_1_170' title='bbox 981 2312 1193 2393; x_wconf 85' lang='lat' dir='ltr'>epitomem</span> <span class='ocrx_word' id='word_1_171' title='bbox 1216 2329 1302 2378; x_wconf 90' lang='lat' dir='ltr'>esse</span> <span class='ocrx_word' id='word_1_172' title='bbox 1325 2311 1444 2378; x_wconf 89' lang='lat' dir='ltr'>Leer·</span> 
     </span>
     <span class='ocr_line' id='line_1_21' title="bbox 214 2419 1085 2502; baseline 0.001 -18"><span class='ocrx_word' id='word_1_173' title='bbox 214 2421 310 2486; x_wconf 93' lang='lat' dir='ltr'>tium</span> <span class='ocrx_word' id='word_1_174' title='bbox 335 2419 562 2500; x_wconf 83' lang='lat' dir='ltr'>Diogenem:</span> <span class='ocrx_word' id='word_1_175' title='bbox 587 2421 768 2502; x_wconf 91' lang='lat' dir='ltr'>quoderat</span> <span class='ocrx_word' id='word_1_176' title='bbox 791 2420 1085 2486; x_wconf 88' lang='lat' dir='ltr'>demonstrandum.</span> 
     </span>
    </p>

    <p class='ocr_par' dir='ltr' id='par_1_3' title="bbox 213 2525 1446 3576">
     <span class='ocr_line' id='line_1_22' title="bbox 302 2525 1444 2608; baseline 0.002 -16"><span class='ocrx_word' id='word_1_177' title='bbox 302 2526 332 2592; x_wconf 91' lang='lat' dir='ltr'>b.</span> <span class='ocrx_word' id='word_1_178' title='bbox 360 2526 529 2592; x_wconf 88' lang='lat' dir='ltr'>Sumamus</span> <span class='ocrx_word' id='word_1_179' title='bbox 544 2527 668 2592; x_wconf 86' lang='lat' dir='ltr'>Leertii</span> <span class='ocrx_word' id='word_1_180' title='bbox 691 2527 790 2594; x_wconf 83' lang='lat' dir='ltr'>verbe</span> <span class='ocrx_word' id='word_1_181' title='bbox 813 2545 862 2608; x_wconf 86' lang='lat' dir='ltr'>ee,</span> <span class='ocrx_word' id='word_1_182' title='bbox 887 2527 972 2594; x_wconf 89' lang='lat' dir='ltr'>uude</span> <span class='ocrx_word' id='word_1_183' title='bbox 992 2525 1208 2608; x_wconf 83' lang='lat' dir='ltr'>proficiscitur</span> <span class='ocrx_word' id='word_1_184' title='bbox 1224 2526 1444 2608; x_wconf 84' lang='lat' dir='ltr'>Nietascbeus,</span> 
     </span>
     <span class='ocr_line' id='line_1_23' title="bbox 213 2633 1445 2719; baseline 0 -19"><span class='ocrx_word' id='word_1_185' title='bbox 213 2640 301 2700; x_wconf 90' lang='lat' dir='ltr'>recte</span> <span class='ocrx_word' id='word_1_186' title='bbox 331 2652 404 2700; x_wconf 89' lang='lat' dir='ltr'>esse</span> <span class='ocrx_word' id='word_1_187' title='bbox 432 2633 606 2717; x_wconf 85' lang='lat' dir='ltr'>explicata:</span> <span class='ocrx_word' id='word_1_188' title='bbox 639 2653 722 2719; x_wconf 87' lang='lat' dir='ltr'>quae</span> <span class='ocrx_word' id='word_1_189' title='bbox 751 2635 826 2702; x_wconf 92' lang='lat' dir='ltr'>inde</span> <span class='ocrx_word' id='word_1_190' title='bbox 856 2636 1056 2702; x_wconf 82' lang='lat' dir='ltr'>consectario</span> <span class='ocrx_word' id='word_1_191' title='bbox 1083 2653 1156 2701; x_wconf 91' lang='lat' dir='ltr'>esse</span> <span class='ocrx_word' id='word_1_192' title='bbox 1179 2635 1282 2702; x_wconf 87' lang='lat' dir='ltr'>uoluit</span> <span class='ocrx_word' id='word_1_193' title='bbox 1307 2637 1445 2717; x_wconf 90' lang='lat' dir='ltr'>primum</span> 
     </span>
     <span class='ocr_line' id='line_1_24' title="bbox 215 2741 1446 2826; baseline -0.001 -17"><span class='ocrx_word' id='word_1_194' title='bbox 215 2742 410 2826; x_wconf 89' lang='lat' dir='ltr'>ponderebo.</span> <span class='ocrx_word' id='word_1_195' title='bbox 468 2741 533 2806; x_wconf 85' lang='lat' dir='ltr'>Fac</span> <span class='ocrx_word' id='word_1_196' title='bbox 571 2761 634 2808; x_wconf 92' lang='lat' dir='ltr'>uon</span> <span class='ocrx_word' id='word_1_197' title='bbox 672 2741 779 2824; x_wconf 87' lang='lat' dir='ltr'>logice</span> <span class='ocrx_word' id='word_1_198' title='bbox 816 2747 944 2808; x_wconf 90' lang='lat' dir='ltr'>tautum</span> <span class='ocrx_word' id='word_1_199' title='bbox 982 2741 1181 2825; x_wconf 88' lang='lat' dir='ltr'>specIalie</span> <span class='ocrx_word' id='word_1_200' title='bbox 1218 2741 1372 2810; x_wconf 86' lang='lat' dir='ltr'>Laertius</span> <span class='ocrx_word' id='word_1_201' title='bbox 1409 2744 1446 2809; x_wconf 89' lang='lat' dir='ltr'>de</span> 
     </span>
     <span class='ocr_line' id='line_1_25' title="bbox 215 2849 1445 2933; baseline -0.002 -17"><span class='ocrx_word' id='word_1_202' title='bbox 215 2851 326 2916; x_wconf 88' lang='lat' dir='ltr'>Diocle</span> <span class='ocrx_word' id='word_1_203' title='bbox 362 2850 574 2932; x_wconf 81' lang='lat' dir='ltr'>prompserit,</span> <span class='ocrx_word' id='word_1_204' title='bbox 614 2851 671 2916; x_wconf 93' lang='lat' dir='ltr'>sed</span> <span class='ocrx_word' id='word_1_205' title='bbox 709 2849 775 2916; x_wconf 85' lang='lat' dir='ltr'>aba</span> <span class='ocrx_word' id='word_1_206' title='bbox 812 2850 877 2916; x_wconf 86' lang='lat' dir='ltr'>iem</span> <span class='ocrx_word' id='word_1_207' title='bbox 915 2855 1025 2918; x_wconf 86' lang='lat' dir='ltr'>antee:</span> <span class='ocrx_word' id='word_1_208' title='bbox 1062 2849 1184 2916; x_wconf 86' lang='lat' dir='ltr'>stoicae</span> <span class='ocrx_word' id='word_1_209' title='bbox 1221 2849 1445 2933; x_wconf 86' lang='lat' dir='ltr'>philosophiae</span> 
     </span>
     <span class='ocr_line' id='line_1_26' title="bbox 214 2956 1444 3040; baseline -0.001 -17"><span class='ocrx_word' id='word_1_210' title='bbox 214 2958 408 3040; x_wconf 84' lang='lat' dir='ltr'>partitiones</span> <span class='ocrx_word' id='word_1_211' title='bbox 440 2975 480 3022; x_wconf 92' lang='lat' dir='ltr'>ne</span> <span class='ocrx_word' id='word_1_212' title='bbox 515 2962 592 3024; x_wconf 88' lang='lat' dir='ltr'>tune</span> <span class='ocrx_word' id='word_1_213' title='bbox 625 2958 754 3040; x_wconf 92' lang='lat' dir='ltr'>quidem</span> <span class='ocrx_word' id='word_1_214' title='bbox 788 2959 829 3022; x_wconf 88' lang='lat' dir='ltr'>ed</span> <span class='ocrx_word' id='word_1_215' title='bbox 857 2957 1002 3026; x_wconf 92' lang='lat' dir='ltr'>Dioclem</span> <span class='ocrx_word' id='word_1_216' title='bbox 1036 2956 1158 3024; x_wconf 87' lang='lat' dir='ltr'>relerre</span> <span class='ocrx_word' id='word_1_217' title='bbox 1193 2957 1319 3026; x_wconf 88' lang='lat' dir='ltr'>licitum</span> <span class='ocrx_word' id='word_1_218' title='bbox 1350 2961 1444 3024; x_wconf 85' lang='lat' dir='ltr'>esset</span> 
     </span>
     <span class='ocr_line' id='line_1_27' title="bbox 215 3064 1445 3148; baseline -0.002 -16"><span class='ocrx_word' id='word_1_219' title='bbox 215 3065 360 3148; x_wconf 83' lang='lat' dir='ltr'>Namque</span> <span class='ocrx_word' id='word_1_220' title='bbox 384 3065 424 3130; x_wconf 90' lang='lat' dir='ltr'>de</span> <span class='ocrx_word' id='word_1_221' title='bbox 447 3064 561 3146; x_wconf 83' lang='lat' dir='ltr'>logicis</span> <span class='ocrx_word' id='word_1_222' title='bbox 583 3065 770 3148; x_wconf 87' lang='lat' dir='ltr'>loqueretur</span> <span class='ocrx_word' id='word_1_223' title='bbox 793 3065 987 3148; x_wconf 89' lang='lat' dir='ltr'>specialibus</span> <span class='ocrx_word' id='word_1_224' title='bbox 1010 3069 1045 3132; x_wconf 91' lang='lat' dir='ltr'>et</span> <span class='ocrx_word' id='word_1_225' title='bbox 1067 3065 1283 3148; x_wconf 88' lang='lat' dir='ltr'>generalibus,</span> <span class='ocrx_word' id='word_1_226' title='bbox 1307 3069 1445 3148; x_wconf 87' lang='lat' dir='ltr'>utreque</span> 
     </span>
     <span class='ocr_line' id='line_1_28' title="bbox 215 3171 1446 3258; baseline 0.002 -20"><span class='ocrx_word' id='word_1_227' title='bbox 215 3171 319 3238; x_wconf 86' lang='lat' dir='ltr'>Diocli</span> <span class='ocrx_word' id='word_1_228' title='bbox 344 3171 518 3252; x_wconf 89' lang='lat' dir='ltr'>addiceret,</span> <span class='ocrx_word' id='word_1_229' title='bbox 542 3177 713 3254; x_wconf 81' lang='lat' dir='ltr'>praetereo</span> <span class='ocrx_word' id='word_1_230' title='bbox 735 3172 825 3240; x_wconf 88' lang='lat' dir='ltr'>nibil.</span> <span class='ocrx_word' id='word_1_231' title='bbox 872 3173 992 3252; x_wconf 86' lang='lat' dir='ltr'>Quodsi</span> <span class='ocrx_word' id='word_1_232' title='bbox 1016 3172 1228 3240; x_wconf 83' lang='lat' dir='ltr'>Nietnscbeus</span> <span class='ocrx_word' id='word_1_233' title='bbox 1250 3172 1337 3254; x_wconf 91' lang='lat' dir='ltr'>inde,</span> <span class='ocrx_word' id='word_1_234' title='bbox 1363 3171 1446 3258; x_wconf 91' lang='lat' dir='ltr'>quod</span> 
     </span>
     <span class='ocr_line' id='line_1_29' title="bbox 216 3279 1444 3364; baseline 0.002 -20"><span class='ocrx_word' id='word_1_235' title='bbox 216 3283 317 3344; x_wconf 91' lang='lat' dir='ltr'>testes</span> <span class='ocrx_word' id='word_1_236' title='bbox 346 3280 378 3344; x_wconf 93' lang='lat' dir='ltr'>in</span> <span class='ocrx_word' id='word_1_237' title='bbox 408 3279 637 3360; x_wconf 90' lang='lat' dir='ltr'>partitionibus</span> <span class='ocrx_word' id='word_1_238' title='bbox 666 3279 839 3348; x_wconf 83' lang='lat' dir='ltr'>eduoeetos</span> <span class='ocrx_word' id='word_1_239' title='bbox 868 3281 946 3348; x_wconf 89' lang='lat' dir='ltr'>dicit</span> <span class='ocrx_word' id='word_1_240' title='bbox 978 3281 1107 3347; x_wconf 91' lang='lat' dir='ltr'>eosdem</span> <span class='ocrx_word' id='word_1_241' title='bbox 1143 3297 1224 3364; x_wconf 89' lang='lat' dir='ltr'>quos</span> <span class='ocrx_word' id='word_1_242' title='bbox 1258 3281 1292 3346; x_wconf 90' lang='lat' dir='ltr'>in</span> <span class='ocrx_word' id='word_1_243' title='bbox 1319 3279 1444 3364; x_wconf 78' lang='lat' dir='ltr'>logicis</span> 
     </span>
     <span class='ocr_line' id='line_1_30' title="bbox 216 3387 1445 3472; baseline 0.002 -20"><span class='ocrx_word' id='word_1_244' title='bbox 216 3405 414 3452; x_wconf 91' lang='lat' dir='ltr'>communem</span> <span class='ocrx_word' id='word_1_245' title='bbox 438 3405 548 3453; x_wconf 90' lang='lat' dir='ltr'>eorum</span> <span class='ocrx_word' id='word_1_246' title='bbox 572 3388 712 3470; x_wconf 91' lang='lat' dir='ltr'>conlegit</span> <span class='ocrx_word' id='word_1_247' title='bbox 735 3389 901 3472; x_wconf 90' lang='lat' dir='ltr'>originem,</span> <span class='ocrx_word' id='word_1_248' title='bbox 927 3390 1070 3472; x_wconf 84' lang='lat' dir='ltr'>graviter</span> <span class='ocrx_word' id='word_1_249' title='bbox 1094 3389 1228 3456; x_wconf 80' lang='lat' dir='ltr'>errauit:</span> <span class='ocrx_word' id='word_1_250' title='bbox 1254 3387 1337 3454; x_wconf 93' lang='lat' dir='ltr'>nibil</span> <span class='ocrx_word' id='word_1_251' title='bbox 1364 3389 1445 3456; x_wconf 90' lang='lat' dir='ltr'>enim</span> 
     </span>
     <span class='ocr_line' id='line_1_31' title="bbox 215 3493 681 3576; baseline 0.002 -17"><span class='ocrx_word' id='word_1_252' title='bbox 215 3493 444 3576; x_wconf 83' lang='lat' dir='ltr'>partitionibus</span> <span class='ocrx_word' id='word_1_253' title='bbox 467 3511 538 3560; x_wconf 88' lang='lat' dir='ltr'>cum</span> <span class='ocrx_word' id='word_1_254' title='bbox 560 3494 681 3562; x_wconf 91' lang='lat' dir='ltr'>Diocle.</span> 
     </span>
    </p>

    <p class='ocr_par' dir='ltr' id='par_1_4' title="bbox 215 3601 1446 4226">
     <span class='ocr_line' id='line_1_32' title="bbox 260 3601 1445 3687; baseline 0.003 -21"><span class='ocrx_word' id='word_1_255' title='bbox 260 3601 419 3668; x_wconf 83' lang='lat' dir='ltr'>LevItetis</span> <span class='ocrx_word' id='word_1_256' title='bbox 465 3601 583 3668; x_wconf 88' lang='lat' dir='ltr'>iterum</span> <span class='ocrx_word' id='word_1_257' title='bbox 626 3602 858 3669; x_wconf 88' lang='lat' dir='ltr'>insimulandus</span> <span class='ocrx_word' id='word_1_258' title='bbox 902 3609 961 3670; x_wconf 92' lang='lat' dir='ltr'>est.</span> <span class='ocrx_word' id='word_1_259' title='bbox 1033 3602 1179 3670; x_wconf 82' lang='lat' dir='ltr'>Concedo</span> <span class='ocrx_word' id='word_1_260' title='bbox 1224 3603 1257 3670; x_wconf 91' lang='lat' dir='ltr'>in</span> <span class='ocrx_word' id='word_1_261' title='bbox 1307 3609 1445 3687; x_wconf 90' lang='lat' dir='ltr'>utraque</span> 
     </span>
     <span class='ocr_line' id='line_1_33' title="bbox 216 3709 1444 3791; baseline -0.002 -15"><span class='ocrx_word' id='word_1_262' title='bbox 216 3709 401 3791; x_wconf 86' lang='lat' dir='ltr'>dogmatum</span> <span class='ocrx_word' id='word_1_263' title='bbox 436 3710 643 3790; x_wconf 87' lang='lat' dir='ltr'>percursione</span> <span class='ocrx_word' id='word_1_264' title='bbox 673 3709 852 3777; x_wconf 88' lang='lat' dir='ltr'>Stoicorum</span> <span class='ocrx_word' id='word_1_265' title='bbox 887 3711 1061 3778; x_wconf 82' lang='lat' dir='ltr'>eorundem</span> <span class='ocrx_word' id='word_1_266' title='bbox 1099 3716 1210 3778; x_wconf 82' lang='lat' dir='ltr'>extare</span> <span class='ocrx_word' id='word_1_267' title='bbox 1247 3711 1444 3778; x_wconf 86' lang='lat' dir='ltr'>testimonie.</span> 
     </span>
     <span class='ocr_line' id='line_1_34' title="bbox 215 3816 1446 3902; baseline 0.002 -20"><span class='ocrx_word' id='word_1_268' title='bbox 215 3816 260 3882; x_wconf 84' lang='lat' dir='ltr'>At</span> <span class='ocrx_word' id='word_1_269' title='bbox 282 3835 345 3882; x_wconf 93' lang='lat' dir='ltr'>uon</span> <span class='ocrx_word' id='word_1_270' title='bbox 369 3835 500 3882; x_wconf 91' lang='lat' dir='ltr'>omnes</span> <span class='ocrx_word' id='word_1_271' title='bbox 523 3817 695 3900; x_wconf 91' lang='lat' dir='ltr'>utrobique</span> <span class='ocrx_word' id='word_1_272' title='bbox 719 3835 905 3900; x_wconf 89' lang='lat' dir='ltr'>sponsores;</span> <span class='ocrx_word' id='word_1_273' title='bbox 935 3837 1010 3884; x_wconf 86' lang='lat' dir='ltr'>nem</span> <span class='ocrx_word' id='word_1_274' title='bbox 1033 3819 1121 3902; x_wconf 94' lang='lat' dir='ltr'>quod</span> <span class='ocrx_word' id='word_1_275' title='bbox 1142 3817 1336 3885; x_wconf 87' lang='lat' dir='ltr'>nobilissimi</span> <span class='ocrx_word' id='word_1_276' title='bbox 1360 3819 1446 3884; x_wconf 85' lang='lat' dir='ltr'>uelut</span> 
     </span>
     <span class='ocr_line' id='line_1_35' title="bbox 215 3921 1445 4010; baseline 0.003 -22"><span class='ocrx_word' id='word_1_277' title='bbox 215 3923 301 3988; x_wconf 90' lang='lat' dir='ltr'>Zeno</span> <span class='ocrx_word' id='word_1_278' title='bbox 334 3921 485 3990; x_wconf 84' lang='lat' dir='ltr'>Citiensis</span> <span class='ocrx_word' id='word_1_279' title='bbox 514 3923 711 4008; x_wconf 82' lang='lat' dir='ltr'>chrysippus</span> <span class='ocrx_word' id='word_1_280' title='bbox 739 3925 931 3993; x_wconf 89' lang='lat' dir='ltr'>Posidonius</span> <span class='ocrx_word' id='word_1_281' title='bbox 959 3931 1166 4010; x_wconf 87' lang='lat' dir='ltr'>repetuntur,</span> <span class='ocrx_word' id='word_1_282' title='bbox 1201 3925 1283 3992; x_wconf 90' lang='lat' dir='ltr'>nibil</span> <span class='ocrx_word' id='word_1_283' title='bbox 1311 3945 1445 4009; x_wconf 90' lang='lat' dir='ltr'>prorsus</span> 
     </span>
     <span class='ocr_line' id='line_1_36' title="bbox 216 4028 1444 4116; baseline 0.004 -21"><span class='ocrx_word' id='word_1_284' title='bbox 216 4028 341 4112; x_wconf 88' lang='lat' dir='ltr'>probet.</span> <span class='ocrx_word' id='word_1_285' title='bbox 389 4031 570 4114; x_wconf 89' lang='lat' dir='ltr'>Ignotiores</span> <span class='ocrx_word' id='word_1_286' title='bbox 593 4031 734 4099; x_wconf 84' lang='lat' dir='ltr'>Phanias</span> <span class='ocrx_word' id='word_1_287' title='bbox 756 4033 938 4100; x_wconf 85' lang='lat' dir='ltr'>Eudromus</span> <span class='ocrx_word' id='word_1_288' title='bbox 960 4035 1123 4102; x_wconf 87' lang='lat' dir='ltr'>Eudemus</span> <span class='ocrx_word' id='word_1_289' title='bbox 1145 4033 1308 4116; x_wconf 84' lang='lat' dir='ltr'>DIogeues</span> <span class='ocrx_word' id='word_1_290' title='bbox 1337 4035 1444 4102; x_wconf 89' lang='lat' dir='ltr'>Ptole·</span> 
     </span>
     <span class='ocr_line' id='line_1_37' title="bbox 215 4137 1443 4226; baseline 0.003 -22"><span class='ocrx_word' id='word_1_291' title='bbox 215 4138 376 4204; x_wconf 89' lang='lat' dir='ltr'>meeensis</span> <span class='ocrx_word' id='word_1_292' title='bbox 414 4137 447 4204; x_wconf 91' lang='lat' dir='ltr'>in</span> <span class='ocrx_word' id='word_1_293' title='bbox 485 4139 563 4205; x_wconf 88' lang='lat' dir='ltr'>solis</span> <span class='ocrx_word' id='word_1_294' title='bbox 601 4140 830 4221; x_wconf 85' lang='lat' dir='ltr'>partitionibus</span> <span class='ocrx_word' id='word_1_295' title='bbox 868 4145 1055 4222; x_wconf 87' lang='lat' dir='ltr'>oecurruut;</span> <span class='ocrx_word' id='word_1_296' title='bbox 1095 4141 1129 4207; x_wconf 93' lang='lat' dir='ltr'>iu</span> <span class='ocrx_word' id='word_1_297' title='bbox 1166 4140 1272 4224; x_wconf 88' lang='lat' dir='ltr'>logica</span> <span class='ocrx_word' id='word_1_298' title='bbox 1311 4141 1443 4226; x_wconf 74' lang='lat' dir='ltr'>speciali</span> 
     </span>
    </p>
   </div>
   <div class='ocr_carea' id='block_1_3' title="bbox 0 0 1515 4866">
    <p class='ocr_par' dir='ltr' id='par_1_5' title="bbox 0 0 1515 4866">
     <span class='ocr_line' id='line_1_38' title="bbox 0 0 1515 4866; baseline 0 0"><span class='ocrx_word' id='word_1_299' title='bbox 0 0 1515 4866; x_wconf 95' lang='lat' dir='ltr'> </span> 
     </span>
    </p>
   </div>
  </div>
 </body>
</html>
