3010 4866
153 378 218 458 p.4
242 381 352 442 statua
374 375 482 459 posito
505 394 525 440 a
546 375 697 458 Philippo

151 485 216 567 p.5
241 485 365 552 Itinera
387 483 612 567 philosophiae
636 501 734 550 causa
757 490 907 567 suscepta

155 612 182 674 p.
200 595 219 656 l
243 592 281 658 In
305 590 511 674 philosophia
532 591 658 656 merita

430 787 462 843 h.
482 787 526 844 lla
546 783 695 856 llospehlo
715 787 747 840 et
765 785 903 842 Laertio.

149 913 252 996 Pergo
276 911 317 976 ad
339 911 544 994 Hesychium.
585 909 737 993 Hesychii
760 911 827 976 vita
851 911 1036 978 Aristotelis
1060 932 1142 996 quae
1166 913 1284 980 dicitur

67 1018 290 1103 Menagisna
325 1019 460 1085 celebris
494 1023 669 1101 propterea
695 1024 760 1098 est,
796 1019 880 1100 quod
912 1019 1067 1086 librorum
1102 1021 1283 1104 catalogum

65 1123 287 1210 Hermippeum
318 1125 448 1192 exhibet
474 1125 647 1191 Laertiano
676 1125 784 1206 paullo
814 1125 1004 1207 pleniorem:
1042 1131 1114 1192 octo
1149 1129 1233 1192 enim
1263 1147 1283 1194 a

64 1232 185 1300 Laertio
215 1234 326 1300 omissi
357 1233 494 1299 redeunt
524 1233 557 1298 in
581 1231 783 1314 Menagiana.
835 1231 872 1298 In
900 1233 967 1300 uita
996 1235 1177 1300 enarranda
1203 1253 1282 1316 prae

63 1339 239 1407 Ptolemaeo
274 1360 338 1407 non
377 1341 598 1424 aspamandus
636 1345 695 1406 est
755 1338 903 1404 Tradidit
941 1339 1040 1406 luisse
1073 1342 1281 1408 Aristotelem

144 1447 292 1516 ‘helhum'
318 1447 439 1532 [Laert.
465 1465 504 1512 ex
528 1445 743 1530 Timotheo]

144 1553 341 1621 ‘Nicomachi
365 1573 403 1620 er
426 1554 616 1637 Herpyllide
640 1553 775 1636 petrem’
802 1552 854 1637 [ci.
880 1551 938 1637 ib.]

146 1663 307 1728 ‘Hermiae
341 1666 518 1727 amatorem
555 1665 589 1728 et
618 1661 770 1726 Hermiae
805 1659 891 1726 filiae
925 1661 1104 1742 moritum',
1138 1663 1280 1746 citatque

146 1770 305 1854 ‘hymnmn
329 1771 362 1836 in
385 1765 636 1854 Hermiam‘¹⁰³).

146 1881 171 1942 1.
196 1878 364 1962 Perpauca
387 1875 532 1942 resident
554 1876 588 1942 in
603 1875 780 1942 Aristotele
797 1875 972 1942 Laertiano
996 1875 1094 1942 duhia
1116 1877 1280 1962 hucusque

63 1988 151 2066 atquo
172 1985 342 2067 adespota:
367 1983 519 2051 velnt'de
536 1983 717 2050 Alexandro
741 1983 845 2066 deque
873 1982 1059 2051 Callistrato
1080 1985 1278 2068 historiolae,

63 2093 195 2174 mrporis
218 2092 349 2158 habitus
372 2092 554 2174 descriptus
578 2095 612 2158 et
634 2091 826 2174 Ambryonis
850 2091 1077 2157 testimonium.

143 2201 361 2266 2.Praeter
406 2197 592 2264 Fauorini
638 2205 1054 2280 apomnemoneumata
1098 2201 1278 2282 dignosci

62 2305 159 2372 solus
196 2311 329 2389 potest
362 2304 610 2388 biographus
645 2305 714 2370 ille
749 2323 860 2387 quem
895 2304 933 2369 in
968 2305 1157 2371 Platonis
1192 2309 1278 2373 vita

62 2428 170 2495 supra
192 2412 527 2496 deprehendimus
551 2411 632 2496 [scil.
649 2411 826 2478 Favorinus
847 2413 880 2478 in
906 2412 1086 2494 ‘omnigena
1105 2413 1275 2500 historia‘J.

141 2521 169 2585 3.
194 2519 323 2585 Tertius
346 2517 430 2584 liber
452 2519 540 2584 velut
561 2517 683 2585 Dioclis
707 2537 747 2584 ne
769 2517 822 2584 hic
842 2519 970 2601 quidem
992 2520 1137 2602 quumvis
1158 2521 1277 2586 acriter

61 2623 188 2692 intuenti
210 2645 275 2692 non
298 2625 458 2708 adparuit

454 2893 485 2958 3.
512 2891 554 2958 llo
577 2891 765 2974 Pythagorae
787 2891 857 2956 viia

424 3049 455 3090 a.
473 3034 517 3088 llo
536 3032 690 3092 clemente
709 3034 741 3088 ot
759 3032 896 3090 Laertio.

138 3161 226 3239 Quod
250 3161 290 3226 de
306 3159 452 3226 Platonis
475 3165 509 3226 et
524 3159 708 3226 Aristotelis
732 3159 807 3224 vitis
822 3160 1004 3226 Laertianis
1027 3161 1162 3240 institui,
1187 3163 1272 3229 idern

62 3261 94 3328 de
107 3265 287 3350 Pythagora
308 3271 468 3349 repetam:
494 3266 598 3331 trihus
618 3265 702 3330 enim
719 3267 873 3349 exemplis
889 3264 1008 3332 sufficit
1023 3267 1071 3332 rei
1087 3285 1183 3349 quam
1199 3288 1272 3350 pro-

62 3374 140 3448 posui
155 3375 324 3440 ceritatem
340 3373 587 3439 demonstrasse.
621 3372 776 3454 Incipiam
793 3391 813 3436 a
828 3371 1001 3438 Clementis
1017 3375 1270 3454 comparatione:

62 3475 257 3492 Ἠ.-

122 3512 167 3584 ¹⁰³)
185 3513 335 3570 Dicendum
354 3513 472 3584 denique
490 3521 532 3570 est
550 3512 585 3568 de
603 3511 842 3584 apophthegmatis
853 3511 1045 3567 Aristotelicis.
1075 3511 1271 3568 Extanduntnr

62 3594 113 3654 inde
129 3603 161 3657 ab
179 3603 205 3658 V
226 3605 257 3659 17
280 3602 455 3674 [ἀναφέρεται
473 3608 510 3666 eir
527 3603 610 3659 αὐτὸν
628 3607 674 3658 καὶ
697 3602 900 3675 ἀποφθέγματα
924 3601 1049 3657 κάλλιστα
1074 3603 1159 3672 ταυτὶ]
1184 3618 1270 3671 usque

64 3685 92 3740 ld
108 3691 136 3746 tl
158 3693 216 3763 [arui
235 3695 317 3747 ταῦτα
335 3693 386 3764 μὲν
404 3697 442 3755 εἷς
459 3693 541 3748 αὐτὸν
559 3692 739 3766 ἀναφέρεταο].
776 3691 853 3748 Unus
877 3691 912 3748 ud
935 3705 1015 3761 quem
1036 3697 1170 3762 provocet
1194 3698 1270 3748 extat

63 3772 196 3836 Fauorinus
214 3781 242 3835 in
266 3781 573 3850 apomnemoneumatis:
599 3784 663 3853 φησί
687 3784 717 3836 δὲ
736 3789 771 3836 ψ.
791 3785 819 3835 ἐν
843 3782 878 3854 τῷ
897 3783 1010 3852 decripp
1033 3783 1086 3836 reio
1108 3781 1269 3854 ἀπομνημο-

63 3869 184 3938 νευμάτων
202 3867 237 3932 ὥς
261 3869 384 3926 ἑκάστοτε
408 3875 481 3944 λέγω
505 3863 534 3942 ‘pr'
553 3875 636 3942 φίλοι,
661 3869 749 3932 οὐδεὶς
774 3869 867 3942 pilor’.
905 3867 970 3924 illu
989 3871 1035 3924 καὶ
1053 3875 1082 3923 ἐν
1109 3871 1144 3942 τῷ
1162 3871 1269 3944 ἑβδόμῳ

63 3953 104 4007 reis
119 3957 217 4024 ituris*
235 3963 316 4014 lustr.
353 3959 416 4014 Etsi
436 3959 523 4016 uideri
546 3959 634 4032 possit
653 3965 739 4014 totam
758 3959 894 4015 dictorum
918 3959 1016 4013 seriem
1040 3975 1268 4027 apomnemoneu·

62 4043 127 4100 natis
144 4045 239 4102 deberi
258 4045 396 4116 Favorini,
415 4053 505 4104 tanum
524 4065 569 4103 ros
587 4049 706 4104 nondum
724 4047 866 4117 expedita,
890 4047 1018 4117 quoniam
1039 4061 1189 4116 anonymae
1209 4047 1267 4101 dic·

62 4133 136 4188 toron
154 4134 274 4206 syllegae
293 4133 431 4205 frequenti
449 4153 501 4192 usu
520 4151 571 4207 per
588 4136 781 4206 antiquitatem
800 4137 931 4194 seriorem
949 4135 1111 4208 praesertim
1130 4137 1267 4204 vigebant.

511 4395 534 4433 L
