3016 4858
1200 237 1263 302 129

58 405 125 472 dam
145 406 327 491 psephisma
349 427 388 474 ex
411 409 523 474 exsilio
547 415 762 490 revocaverat,
787 411 981 493 exposuisse.
1018 412 1189 490 Quaeritur
1211 415 1267 480 ille

57 515 163 581 tertius
185 516 400 600 Thucydides,
424 518 452 583 si
476 522 527 583 est
548 517 679 598 tertius,
704 517 775 600 quis
798 515 904 584 fuerit.
951 519 1072 586 Eratne
1095 520 1266 588 historicus

57 641 161 689 necne:
191 643 307 690 nomen
336 626 420 692 enim
447 625 556 691 multis
579 641 754 691 commune.
801 624 904 692 Nimis
925 627 1067 692 breviter
1094 627 1266 693 historicus

56 729 183 798 reditum
206 749 298 798 suum
322 732 408 816 quod
423 732 541 814 tetigit,
566 731 750 798 dolendum:
790 733 878 798 vac
901 733 955 796 zat
978 737 1092 820 συνέβη
1106 756 1163 817 μοι
1185 734 1266 821 φεύ-

54 859 120 914 γειν
144 837 199 924 τὴν
226 839 368 922 ἐμαυτοῦ
396 838 447 925 ἔτη
475 839 577 904 εἴκοσι
598 836 678 922 μετὰ
701 837 760 923 τὴν
787 837 820 914 ἐς
836 835 1037 926 Ἀμφίπολιν
1065 845 1264 928 στρατηγίαν.

56 941 208 1012 conclusit
241 945 504 1012 Wilamowitaius
537 945 631 1011 venia
664 946 790 1029 publice
824 947 987 1014 exsulibus
1022 949 1098 1014 data
1131 948 1266 1016 rediisse

55 1049 270 1136 Thucydidem.
317 1055 361 1120 At
387 1053 559 1120 videndum
586 1058 638 1120 est
660 1073 701 1118 an
723 1054 904 1120 Pausaniae
926 1055 1024 1122 verba
1046 1057 1173 1138 possint
1196 1075 1266 1124 cum

55 1157 228 1245 Thucydide
251 1162 424 1228 conciliari.
472 1159 592 1239 Quodsi
614 1159 686 1226 fieri
708 1162 839 1244 poterit,
864 1163 1082 1246 adoptandum
1106 1183 1143 1230 eo
1163 1166 1267 1248 magis

55 1273 109 1348 est,
132 1269 207 1352 quia
225 1287 285 1336 nec
308 1267 395 1342 λύσις
417 1266 462 1332 δι’
485 1265 674 1352 ὁμωνυμίας
696 1269 840 1354 suppetit
862 1305 906 1318 -·
928 1270 1110 1336 Polemonis
1126 1273 1210 1337 enim
1233 1272 1267 1338 in

53 1371 109 1439 hoc
131 1375 213 1442 libro
243 1375 464 1459 homonymiae
488 1375 516 1441 si
539 1393 621 1459 quae
643 1373 773 1441 fuerumt
794 1377 980 1458 probandae
1007 1383 1096 1459 sunt,
1125 1379 1266 1445 nondum

53 1481 199 1560 probatae
224 1521 264 1532 -
290 1489 324 1549 et
346 1483 411 1548 alia
433 1482 552 1548 erroris
575 1479 746 1564 explicatio
769 1501 901 1564 prorsus
928 1485 1112 1568 requiritur.
1160 1485 1266 1568 Atque

54 1605 72 1651 a
91 1588 243 1657 facilitate
274 1589 353 1656 mihi
376 1588 527 1656 Schoellii
554 1588 639 1654 ratio
666 1587 785 1655 habere
809 1591 936 1657 videtur
959 1593 1266 1660 commendationem

53 1695 198 1778 singulari
229 1697 367 1780 quodam
394 1697 524 1762 decreto
548 1693 683 1762 Oenobii
706 1714 777 1762 cum
800 1697 895 1767 datae
918 1699 1045 1781 publice
1067 1701 1180 1766 veniae
1202 1719 1267 1767 non

55 1802 301 1888 obtemperasset
322 1803 489 1870 reductum
507 1821 579 1869 esse
593 1802 782 1870 historicum
797 1805 995 1870 arbitrantis.
1032 1805 1123 1884 Quod
1139 1807 1267 1872 etiamsi

55 1929 199 1994 nusquam
222 1913 379 1978 traditum
403 1916 463 1994 est,
487 1914 575 1976 carte
597 1927 798 1994 nequaquam
821 1929 842 1976 a
865 1911 1058 1995 Thucydidis
1080 1914 1265 1980 testimonio

55 2017 280 2104 discordat¹⁴¹).

133 2127 295 2192 Incertum
322 2129 373 2192 est
399 2142 475 2191 num
502 2141 561 2206 per
589 2123 820 2206 digressionem
847 2126 982 2192 duorum
1005 2125 1133 2192 illorum
1156 2125 1266 2194 homo-

54 2249 208 2314 nymorum
231 2231 418 2300 memoriam
439 2229 570 2298 Polemo
593 2231 795 2300 coniunctam
817 2233 972 2300 iniecerit
1020 2231 1099 2299 (lum
1121 2231 1204 2300 falsa
1226 2236 1266 2302 da

55 2335 196 2408 historico
219 2339 413 2424 praesertim
436 2339 652 2420 crederentur,
677 2339 753 2422 quin
769 2357 869 2422 genus
883 2339 970 2405 illius
985 2339 1205 2424 tumulumque
1220 2341 1266 2408 ibi

54 2445 165 2514 referre
185 2447 304 2531 potuit,
327 2447 383 2514 ubi
405 2445 446 2512 de
467 2449 672 2512 monumento
696 2447 833 2529 quodam
856 2448 890 2512 in
913 2465 987 2514 arce
1009 2447 1116 2530 posito
1139 2447 1266 2516 locutus

55 2554 119 2619 esti
150 2555 243 2620 Anno
267 2554 351 2622 enim
376 2553 461 2620 1837
485 2557 613 2619 statuae
634 2552 722 2620 basis
744 2553 777 2618 in
801 2571 875 2619 arce
898 2558 991 2620 eruta
1014 2559 1064 2620 est
1086 2553 1147 2620 hoc
1169 2555 1265 2623 titulo

53 2657 199 2744 insumpta
223 2659 438 2746 *Θουκυδίδης
453 2655 601 2747 'Olipnv’
627 2658 679 2744 [cl.
704 2659 826 2743 Bergk,
850 2659 1036 2728 Zeitsohrilt
1058 2659 1078 2728 f.
1104 2662 1134 2728 d.
1159 2662 1265 2730 Alter·

54 2769 211 2836 mmswiss.
239 2768 324 2834 1845
348 2787 380 2851 p.
398 2769 463 2833 964
475 2767 531 2852 n.].
570 2767 670 2834 Porro
694 2767 760 2834 alia
785 2769 952 2835 occasione
975 2769 1102 2852 alioque
1125 2770 1158 2835 in
1181 2770 1264 2838 libro
1293 2799 1308 2826 ο

54 2871 246 2942 Pharsaliam
273 2875 442 2958 quominus
470 2876 779 2957 commemoraverit,
811 2877 884 2959 quis
905 2876 1105 2943 intercedet?
1151 2877 1263 2962 Neque

55 2979 144 3062 igitur
169 2981 348 3066 probabilis
373 2980 453 3048 haec
482 2987 532 3048 est
558 2981 794 3049 Wilamowitzii
823 2985 998 3066 sententia,
1029 3002 1088 3058 nec
1111 3021 1154 3033 -
1177 2987 1263 3068 quod

54 3085 119 3154 hinc
141 3088 347 3173 consequitur
369 3125 412 3136 -
436 3089 540 3156 ultera
555 3089 595 3156 de
610 3089 783 3158 Polemone
798 3089 912 3158 iudicis
928 3091 1085 3174 scriptore
1101 3091 1261 3160 conclusio

55 3197 187 3275 quamuis
210 3195 366 3280 speciosa

133 3303 313 3370 Marcellini
343 3302 509 3386 catalogus
537 3303 579 3370 ad
608 3303 852 3370 Laertianorum
883 3303 1062 3384 exemplum
1089 3305 1263 3389 exigendus

56 3416 110 3494 est,
143 3409 293 3496 quoniam
321 3425 425 3492 neque
453 3414 524 3476 arto
553 3407 808 3495 scriptorum¹⁴’)
844 3429 922 3493 gyro
950 3411 1131 3477 continetur
1162 3417 1196 3480 et
1222 3413 1263 3480 de

117 3554 165 3624 ¹⁴¹)
181 3551 288 3608 Vellem
316 3549 468 3606 Schoellius
494 3568 521 3620 p.
549 3555 602 3609 438
628 3551 793 3622 neglexisset
818 3549 901 3606 Plinii
923 3549 958 3604 N.
979 3549 1155 3622 11.vl1,111
1178 3553 1263 3611 verba

55 3639 124 3698 uinis
150 3642 244 3698 lumin
268 3646 297 3696 et
322 3639 352 3694 in
376 3640 582 3698 declamationis
607 3643 717 3698 modum
744 3641 853 3697 detorta
874 3641 1059 3711 ‘Thucydidem
1081 3646 1263 3710 :iaperatorem

57 3735 213 3786 Athama
230 3736 259 3784 in
276 3733 398 3784 exutam
416 3749 506 3800 egere,
525 3751 617 3786 renam
634 3737 789 3786 conditorem
807 3751 972 3794 revocavere,
993 3736 1164 3800 eloquentiam
1181 3738 1263 3788 adma'·

56 3827 102 3872 raa·
122 3827 197 3876 ms
222 3826 346 3875 vanam
373 3821 581 3876 damnaverant.
603 3851 639 3864 -
660 3821 740 3892 Quod
762 3828 907 3892 praeterea
929 3821 1048 3878 coniecit
1071 3828 1135 3892 post
1158 3823 1263 3880 cladem

57 3905 163 3968 Siculam
181 3909 289 3967 veniam
306 3909 416 3980 publice
434 3909 525 3968 datam
542 3911 677 3982 sprevisse
696 3910 894 3982 Thucydidem,
913 3911 1015 3967 abusus
1033 3915 1075 3966 eat
1093 3912 1264 3971 conturbatis

57 3995 197 4057 Mamelhni
214 3998 307 4056 verbis
325 3999 341 4071 §
360 4000 403 4056 32.

116 4089 164 4162 ¹⁴⁹)
181 4089 321 4145 Prellerns
338 4088 423 4158 igitur
449 4089 498 4161 [ad
515 4090 669 4146 Polemonis
686 4087 720 4144 ir.
740 4089 778 4162 V]
805 4095 834 4146 et
851 4090 884 4146 a
904 4089 1054 4146 Schoellius
1074 4090 1175 4161 [Herm.
1193 4093 1263 4150 Xlll

57 4179 100 4234 435
117 4180 186 4252 sqq]
205 4179 240 4235 de
259 4178 398 4234 Demetrio
417 4178 544 4250 Magnete
563 4181 714 4251 commutes
732 4179 852 4250 graviter
870 4185 1037 4238 erraverunt

100 4266 466 4324 Philalng.llntanuchnngan111.
1086 4273 1102 4326 9
