3010 4866
223 203 265 265 26

222 379 335 463 α’νδρρι
362 375 479 443 αονιδν.
531 375 604 442 Scio
632 373 835 458 δπλομαχιιιοὲ
863 411 907 422 -
936 374 1025 440 velut
1053 373 1229 438 Democriti
1267 369 1434 453 philosophi

223 493 256 551 et
289 486 488 566 Protagorae
524 483 610 569 [περὶ
645 480 763 566 πάλης]
797 517 835 527 -
873 482 1034 548 extitisse:
1071 479 1147 562 quid
1183 479 1244 543 hoc
1278 479 1318 542 ad
1348 475 1437 540 istum
1492 501 1493 504 ¹

222 593 417 676 Epicurum?
470 591 540 670 Qua
568 589 666 654 animi
694 586 889 654 confidentia
922 587 1149 672 παιδοτρίβην,
1186 603 1251 667 qua
1278 582 1439 667 quenlibet

222 697 438 784 ταῳροιρύχον
471 696 651 762 iubebimus
679 713 750 760 csse
777 696 988 778 scriptorem?
1038 695 1075 760 In
1106 694 1273 760 Timonum
1304 691 1439 770 catalogo

223 807 396 872 Laertiano
426 805 516 870 Timo
545 807 596 869 est
623 801 878 884 misanthropus:
912 803 1042 885 scripsit
1071 820 1148 884 argo
1184 802 1212 866 is
1247 817 1380 882 quoque,
1415 798 1439 860 si

224 913 486 980 Scheuerlearum
509 910 686 976 sectaberis
710 909 927 975 circulantem.
971 909 1038 976 Iste
1061 908 1225 974 hominum
1250 925 1325 974 osor
1345 923 1442 972 nonne

224 1037 301 1084 ase
329 1020 399 1100 ipse
423 1017 624 1096 descivisset,
655 1017 683 1081 si
712 1015 880 1082 scribendo
903 1004 1079 1099 p‘roiuisset
1101 1016 1306 1081 hominibus?
1350 1014 1442 1078 Porro

223 1127 300 1210 quid
317 1125 484 1206 scripserit
499 1123 672 1189 videamus
709 1123 816 1188 Paene
832 1122 935 1189 facete
951 1123 1032 1188 haec
1043 1123 1176 1188 disserit
1188 1121 1442 1188 Scheuerlecrus:

226 1235 406 1297 ‘Incertum
433 1251 480 1294 αα
507 1250 583 1294 eum
610 1227 848 1294 Demetrius
871 1267 914 1276 -
938 1230 1034 1295 audin
1064 1229 1294 1296 circulantem?
1323 1265 1363 1274 —-
1383 1233 1445 1312 pro

219 1343 314 1425 poeta
337 1335 492 1402 habucrt't
511 1336 548 1401 ob
563 1333 781 1422 cpc'grmma,
806 1337 898 1422 quod
909 1337 1118 1402 Plutarchus
1137 1334 1177 1400 in
1191 1333 1342 1401 Antom'o
1355 1357 1379 1400 c.
1396 1337 1443 1398 70.

224 1442 400 1510 laudavit:

315 1547 450 1618 *ἐνθάδ’
475 1546 661 1638 ἀπορρήξας
682 1551 792 1637 ψυχὴν
814 1550 1045 1638 βαρυδαίμονα
1067 1560 1188 1636 κετμαι·

312 1659 459 1742 τοῦνομα
482 1652 513 1722 δ’
539 1655 577 1724 οὔ
600 1654 772 1740 πεύσεσθε,
795 1663 889 1725 ccxci
911 1657 947 1724 δὲ
969 1658 1072 1734 κακῶς
1096 1654 1310 1724 δπόλοιδδέ·

358 1771 413 1831 οιαὶ
436 1767 529 1831 τοῦτο
552 1769 613 1848 μὲν
635 1761 734 1832 αὐτὸν
757 1767 803 1831 ἔτι
826 1766 929 1842 ζοῖντα
953 1769 1165 1852 πεποιηκέναι
1189 1767 1344 1847 λέγουσιν.

227 1877 361 1942 Poterat
384 1875 521 1940 alterum
546 1893 585 1940 cx
602 1873 758 1956 Anonymi
782 1874 850 1940 vita
872 1874 1018 1940 Platonis
1042 1874 1130 1958 [post
1154 1873 1267 1940 Cobeti
1291 1876 1449 1941 Laertium

228 1983 508 2049 aWestermcnno
526 1981 627 2065 edita]
652 1981 835 2062 adiungere.
877 1980 965 2059 Quae
981 1981 1174 2062 coniectura,
1199 1981 1327 2063 utoni,
1351 2000 1447 2064 paene

226 2091 344 2156 faceta:
363 2091 418 2173 qui
441 2090 481 2155 dc
504 2107 564 2154 sua
587 2089 688 2171 ipsius
711 2093 815 2154 morte
838 2087 991 2153 ridiculos
1014 2089 1095 2153 duos
1118 2093 1226 2154 tresve
1249 2090 1364 2171 pangit
1384 2107 1450 2153 ser·

226 2198 344 2263 siculos
380 2215 452 2261 curn
486 2196 576 2260 vides
611 2196 643 2260 in
679 2201 850 2277 augustum
881 2200 1049 2277 poetamm
1078 2195 1209 2260 chorum
1239 2196 1388 2262 relatmn.
1411 2231 1450 2242 -

226 2304 375 2368 Forsitan
405 2303 564 2385 quispiam
601 2303 719 2368 dixerit
747 2303 832 2386 quod
861 2302 937 2368 alibi
972 2303 1056 2368 idern
1092 2303 1279 2368 declamitat
1302 2303 1451 2370 Scheuer-

226 2411 332 2476 leerus
364 2409 408 2494 [p.
427 2409 483 2494 87]
508 2410 672 2475 Timonem
707 2410 747 2474 iis
777 2409 1049 2475 adnumerandum
1076 2409 1192 2490 videri,
1228 2411 1283 2492 qui
1320 2411 1382 2474 etsi
1415 2409 1450 2472 dc

227 2518 404 2599 peritorum
439 2518 600 2582 sententia
633 2515 722 2581 nulla
756 2516 879 2597 scripta
913 2516 1122 2598 reliquissent
1162 2523 1270 2582 tamen
1305 2509 1451 2583 recensiti

227 2629 345 2700 essent,
370 2641 485 2705 nempe
508 2628 545 2687 ut
568 2627 681 2689 contra
709 2621 823 2688 falsam
847 2623 1007 2706 quandam
1037 2623 1218 2704 opinionem
1247 2623 1452 2692 defenderen-

227 2738 290 2810 tur,
317 2731 404 2796 velut
428 2729 545 2794 Thales
573 2729 719 2794 Milesius
749 2729 899 2796 Socrates
923 2729 1107 2795 Arcesilaus
1132 2730 1314 2798 Carneades
1339 2732 1452 2816 Pytha-

229 2857 324 2921 goras
359 2837 485 2902 Samius
520 2837 682 2918 Diogenes
717 2836 903 2918 Sinopensis
938 2837 1133 2920 Aristippus.
1196 2839 1236 2904 ut
1259 2839 1292 2904 in
1317 2839 1384 2906 illis
1406 2857 1453 2903 res

227 2948 323 3028 longa
346 2945 421 3010 alia.
461 2944 553 3023 Quis
576 2943 706 3009 tandem
723 2943 887 3010 iimoncm
909 2945 1107 3027 nuncupavit
1123 2945 1335 3029 scriptorem?
1367 2949 1453 3013 Mon-

228 3059 359 3119 stretur.
418 3051 452 3118 si
479 3052 598 3130 minus,
632 3052 665 3116 in
695 3057 871 3133 capereto
899 3053 1061 3117 sententia
1084 3053 1249 3118 Timonem
1276 3061 1314 3119 ut
1336 3054 1454 3120 homi·

229 3181 311 3227 nem
338 3159 493 3226 memoria
520 3159 665 3240 dignum,
702 3177 765 3224 non
794 3165 831 3224 ut
860 3161 1094 3242 scriptorem
1129 3161 1163 3225 in
1193 3161 1453 3246 homonymomm

228 3269 368 3335 indiculo
392 3267 501 3334 sedem
525 3266 586 3331 sibi
610 3267 786 3348 paravisse.

317 3375 433 3440 Paucis
456 3392 541 3439 nunc
562 3375 739 3455 transigam
764 3380 897 3442 cataroe.

318 3481 561 3548 Heraclidarum
585 3483 612 3546 V
637 3482 678 3546 93
703 3481 818 3558 ὄγδοος
840 3479 952 3563 ιαορδς
973 3484 1038 3546 τῶν
1059 3477 1129 3546 διεδ
1147 3479 1290 3548 Ἱκεσίου.

318 3589 431 3662 ἔνατος
451 3586 558 3674 ῑαιρὸς
586 3592 783 3674 Ταρανιτνος
805 3586 996 3675 ἐμπειρικός.

319 3696 558 3762 Theodororum
584 3695 616 3760 II
646 3697 708 3761 104
741 3691 1017 3770 ἑπτακαιδέκατος
1051 3692 1159 3783 ἰατρὸς
1181 3692 1367 3783 Ἀθηναίου
1399 3719 1455 3783 μα-

232 3801 339 3889 θητής.
634 3867 639 3874 .

320 3910 572 3993 Speusipporum
595 3909 639 3975 IV
664 3911 683 3974 5
708 3913 812 3996 ἕτερος
834 3911 945 3997 δατρδς
963 3905 1169 3996 Ἡροφίλειος
1186 3905 1429 3997 Ἀλεξανδρεύς.

320 4015 506 4082 suetonum
536 4018 564 4083 V
596 4019 634 4081 61
677 4015 815 4100 ἕβδομος
850 4017 963 4104 δαιρδς
991 4013 1131 4104 ἀρχαῖος
1165 4015 1208 4094 ὥς
1244 4016 1456 4105 Ἀριστοτέλης

231 4126 338 4209 φησιν.
