3016 4858
1215 217 1277 280 125

51 399 81 458 et
95 393 278 476 Hesychius
303 412 341 456 er
365 385 536 474 omnigena
559 391 696 456 historia
720 396 957 472 excerpserunt
998 391 1095 456 Novit
1110 397 1280 474 praeterea

51 501 166 566 librum
184 499 342 564 Demetrii
358 498 480 580 Scepsii
498 499 589 578 adeo,
614 503 650 562 ut
665 497 814 562 laudibus
831 496 961 562 efferret
984 496 1166 581 [11141]ἱ
1192 504 1225 562 et
1247 499 1280 562 11

51 609 251 672 oraculorum
275 607 500 688 Sibyllinorum
531 606 713 686 cognitione
742 611 814 669 erat
841 609 1003 684 versatus,
1038 605 1064 668 si
1095 605 1222 686 qrridern
1246 605 1279 670 in

52 715 195 779 oratione
227 712 432 778 Corinthiaco
461 732 543 794 quac
578 719 719 776 aetatem
748 712 824 776 tulit
852 709 902 798 [ci.
926 712 1118 793 epimetrum
1148 711 1176 795 l]
1205 711 1279 776 inde

52 821 211 902 prompsit
242 819 404 884 nonnulla.
457 818 603 902 Denique
638 819 861 900 gravissimum
897 817 1150 882 commemorabo
1185 836 1279 898 argu-

52 935 200 992 mentum.
236 927 380 992 Eatenus
404 927 543 1007 scriptor
565 926 679 990 indicis
704 945 775 989 curn
797 925 921 1006 volgari
942 925 1090 1006 opinione
1108 925 1277 1004 consentit,

52 1035 132 1116 quod
156 1034 367 1116 Herophilum
392 1039 485 1098 vocat
509 1033 730 1116 Erythraeam,
755 1033 928 1113 discrepat,
953 1032 1038 1114 quod
1063 1031 1220 1113 Apollinis
1244 1037 1278 1096 et

53 1141 179 1206 Lamiae
202 1140 302 1206 filiam
327 1141 415 1205 illam
439 1160 509 1205 esse
533 1141 643 1220 voluit,
668 1159 738 1204 cunr
761 1159 825 1204 non
849 1139 951 1203 solum
969 1138 1184 1220 Apollodorus
1201 1139 1279 1220 Ery-

53 1249 183 1314 thraeus
210 1269 320 1314 verum
343 1253 473 1329 praetor
504 1247 593 1312 illum
617 1247 722 1328 ipsum
746 1265 856 1310 omnes
879 1245 1039 1310 hominem
1063 1247 1221 1328 quendam
1245 1253 1279 1310 et

55 1355 224 1436 nympham
263 1356 394 1420 Idaeam
431 1375 491 1436 pro
530 1355 719 1436 parentibus
758 1353 898 1436 Sibyllae
936 1354 1149 1419 venditarent.
1208 1353 1279 1418 Non

57 1462 129 1526 licet
157 1481 228 1528 cum
255 1461 315 1526 hac
338 1461 470 1526 Lamiae
493 1459 561 1526 filia
585 1460 780 1526 confundere
803 1459 939 1525 alteram
964 1461 1114 1542 Libycam
1136 1460 1221 1525 lovis
1245 1466 1279 1526 et

55 1567 180 1633 lamiae
203 1569 399 1650 progeniem,
424 1587 617 1650 quamquam
639 1569 709 1650 ipse
733 1567 876 1634 confudit
891 1567 1005 1632 indicis
1021 1567 1170 1649 seriptor.
1210 1567 1278 1632 Iarn

55 1694 124 1740 vero
154 1693 259 1740 nonne
290 1694 392 1756 paene
415 1675 615 1756 inopinatum
640 1674 757 1738 accidit
783 1681 820 1739 ut
842 1673 1019 1738 Favorinus
1047 1673 1087 1738 de
1111 1674 1222 1738 Lamia
1245 1675 1278 1738 in

57 1783 196 1846 oratione
220 1781 277 1845 illa
294 1780 499 1846 Corinthiaco
521 1781 675 1862 scriptum
698 1781 916 1862 relinqueret?
954 1780 1088 1862 Legitur
1102 1799 1133 1861 p.
1149 1780 1212 1844 523
1229 1799 1275 1862 sq.

56 1885 87 1950 ai
101 1887 236 1974 μὲνγὰρ
252 1888 353 1952 ἄλλαι
375 1887 479 1974 λήξεις
502 1913 533 1951 τε
556 1893 612 1950 ναὶ
634 1887 753 1972 κτήσεις
776 1887 840 1952 τῶν
863 1885 955 1950 θεοῖν
969 1883 1051 1950 nacci
1068 1886 1170 1969 μόνας
1185 1887 1276 1967 aiala,

50 1992 160 2076 Ἀργος
180 1999 241 2079 μὲν
255 1991 372 2081 Ἥρας,
395 1991 541 2079 Ἀθηνᾶς
564 1993 602 2058 δὲ
619 1989 775 2077 Ἀθῆναι,
805 1999 859 2056 καὶ
882 1989 990 2059 αὐτῶν
1011 2017 1047 2072 γε
1070 1992 1192 2058 τούτων
1214 1994 1278 2058 τοῖν

57 2101 141 2164 θεῶν
163 2098 272 2177 Ῥόδος
299 2105 360 2185 μὲν
383 2098 509 2176 Ἡλίου,
530 2103 703 2186 Ὀγχηστος
737 2100 773 2163 δὲ
805 2101 1021 2180 Ποσειδῶνος,
1059 2100 1218 2186 Κόρινθος
1244 2099 1277 2164 δ’

57 2199 223 2292 ἑκατέρων·
246 2205 391 2280 ελκόσαις
414 2203 457 2271 όν
481 2207 705 2289 αλνιτιομένου
728 2213 784 2271 τοῦ
806 2205 918 2290 μόθου
941 2205 975 2270 τό
998 2209 1051 2292 τῆς
1065 2210 1125 2291 γῆς
1141 2205 1177 2270 έν
1191 2211 1278 2294 μέσῳ

57 2309 114 2374 δύο
137 2313 289 2391 πελαγῶν
311 2309 375 2378 tut
394 2321 450 2379 τοῦ
462 2309 574 2376 Ἡλίου
590 2312 756 2400 έξαέρειον
770 2314 970 2397 βουλομένου
984 2318 1041 2378 τοῦ
1060 2314 1276 2386 Ποσειδῶνος·

57 2413 91 2477 τὸ
116 2422 174 2499 μὲν
200 2413 261 2485 οὖν
288 2424 344 2484 τοῦ
370 2417 483 2502 μόθου
511 2445 545 2482 τε
578 2426 632 2481 καὶ
661 2425 715 2486 τοῦ
743 2421 842 2498 λόγου
870 2421 943 2508 τῇδε
966 2421 1010 2512 πῇ
1034 2420 1192 2502 συνᾷόον·
1223 2421 1278 2484 καὶ

58 2527 152 2608 πρέιρν
189 2525 244 2589 snt
276 2526 401 2602 δισσαῖς
437 2524 544 2612 χόρισι
579 2523 646 2609 τὴν
679 2524 905 2614 θεσπιῳδὸν
935 2526 1136 2608 Σίβυλλαν
1171 2549 1276 2613 παρα-

61 2628 152 2710 καλεῖ,
175 2637 247 2721 τιμῇ
271 2631 308 2696 δέ
330 2631 362 2698 oi
386 2637 468 2698 θεοῦ
484 2631 597 2716 φωνὴν
619 2632 787 2713 λαχοῦσαν
810 2633 884 2714 ᾄδει
903 2633 996 2715 μάλα
1019 2638 1115 2718 μέγα·

143 2774 176 2784 -
207 2737 367 2821 εὔδαιμόν
381 2743 410 2801 al
430 2759 478 2804 τοι
493 2734 549 2802 ὧδ’
574 2737 616 2814 ὡς
638 2739 747 2820 ὄλβιος
770 2735 872 2822 αιίχὴν

133 2839 294 2910 Ὠκεανοῦ
316 2842 628 2931 νοόρρςἘφυραίνγς,
657 2845 744 2911 ἔνθα
770 2845 972 2911 Ποσειδῶν

139 2951 279 3038 μητρός
308 2951 398 3037 ἐμῆς
420 2956 581 3036 Λαμίας
603 2957 771 3039 γενέτωρ
794 2954 980 3038 προῦθηκεν
1002 2949 1118 3033 ἀγῶνα

140 3059 262 3144 πρῶτος
285 3056 345 3141 ἀμ’
364 3054 487 3145 Ἠελίῳ,
511 3058 605 3142 τιμάς
627 3059 662 3124 δ’
687 3053 843 3146 ρ’νέγιιατο
865 3062 993 3140 μοῦνος.

142 3163 363 3242 Quaerendum
389 3169 453 3244 est,
484 3165 568 3230 unde
592 3163 690 3230 irrerit
712 3165 792 3230 hacc
816 3165 950 3248 Sibylla;
981 3167 1064 3232 duae
1087 3167 1171 3230 enim
1195 3165 1277 3230 iere-

62 3263 169 3334 bantur
191 3269 322 3335 Lamiae
346 3269 431 3335 filiae
455 3276 489 3336 et
511 3271 691 3353 Erythraea
714 3277 747 3336 et
771 3271 899 3354 Libyca,
924 3277 1060 3355 utraque
1083 3291 1103 3336 a
1126 3271 1276 3354 Neptuno

64 3375 170 3450 genita.
216 3377 378 3442 Intererat
399 3383 517 3458 tamen,
543 3379 628 3460 quod
652 3379 771 3460 Libyca
793 3384 886 3462 patre
910 3379 1061 3445 utebatur
1084 3379 1173 3460 Iove,
1198 3379 1276 3462 Ery-

64 3476 167 3546 thraea
189 3484 348 3565 Apolline.
390 3483 492 3550 Credo
516 3485 606 3566 tangi
630 3485 694 3550 illis
719 3487 885 3551 versiculis
907 3486 1131 3568 Erythraeam,
1156 3487 1183 3550 si
1207 3487 1277 3568 qui·

65 3583 127 3651 dem
142 3589 260 3672 Libyca
276 3593 417 3656 carmina
439 3591 610 3674 reliquisse
633 3593 818 3674 putabatur,
843 3594 899 3658 illa
914 3613 977 3658 non
994 3593 1070 3658 item
1087 3592 1139 3677 [ci.
1158 3593 1276 3658 Suidae

66 3689 188 3761 indicem
216 3697 256 3781 l].
305 3697 392 3775 Quae
428 3717 498 3764 curn
530 3700 577 3763 ita
605 3701 684 3780 sint,
721 3701 819 3764 etiarn
848 3702 994 3782 quintum
1023 3700 1119 3782 idque
1147 3701 1276 3764 maximi

67 3805 204 3867 nomenti
244 3803 396 3868 indicium
435 3805 520 3886 quod
554 3807 787 3887 postulavimus
823 3808 971 3872 convenit
1005 3807 1038 3871 in
1073 3807 1274 3888 Favorinum,

67 3908 203 3982 quoniam
238 3928 294 3974 eos
329 3910 416 3990 ipsos
451 3931 562 3976 versus
598 3914 651 3994 qui
686 3915 853 3979 nominant
882 3914 1022 3996 Sibyllae
1056 3919 1191 3978 matrem
1221 3915 1276 3979 ad-

68 4013 192 4095 scripsit.
