3010 4866
236 215 279 278 ’Ἠ

233 391 364 456 duxisse
387 393 553 474 originem
594 392 661 456 Nec
684 390 825 474 effugere
847 397 978 474 poterat
993 410 1117 456 summa
1133 390 1255 456 Laertii
1271 387 1445 455 similitudo.

233 501 295 564 etsi
318 501 342 563 ii
365 501 421 581 qni
444 518 484 563 ex
504 500 648 580 Diogene
663 499 739 564 illas
751 497 908 564 mcum
922 505 1040 581 putam
1052 505 1123 564 toto
1146 497 1237 562 eaelo
1258 505 1444 562 erraverunt.

232 605 388 670 Genera
410 607 484 671 dno
506 606 792 687 distinguenda
815 615 913 670 sunt

1492 555 1493 616 l

321 712 608 790 Quienirn.sslas
642 713 751 794 paullo
782 716 940 780 attatins
974 731 1070 796 mam
1109 711 1204 793 volgo
1241 708 1445 776 soletoculis

231 819 484 900 perreptarerit‚
520 820 882 886 Pseudoammonianam
913 821 972 906 [A]
1007 827 1041 885 et
1071 819 1268 884 mareium
1295 817 1350 902 [B]
1380 835 1445 880 con
1492 869 1493 880 2

231 927 342 1008 iunget
366 928 508 1008 itemque
531 927 737 993 laertiauam
761 928 1073 1011 Hesychianame‚
1103 927 1152 990 ita
1178 933 1287 990 umen
1313 933 1349 989 ut
1370 925 1446 988 inter
1492 915 1493 948 ¹

230 1051 266 1096 se
300 1033 373 1096 illas
410 1053 485 1096 usas
520 1053 592 1098 esse
626 1035 808 1117 praefracte
841 1043 948 1118 neget
1001 1033 1445 1115 Ftillndqnidemperse

230 1145 331 1219 patet.
372 1139 452 1204 Nam
476 1161 515 1205 eo
539 1143 606 1206 rita
628 1145 814 1208 Aristotelis
838 1147 866 1208 A
888 1149 923 1207 et
944 1143 973 1206 B
994 1141 1141 1218 tendum
1166 1147 1258 1204 utet
1281 1139 1446 1204 institutio

230 1265 302 1310 uem
331 1266 370 1310 ex
398 1247 605 1330 philosophia
639 1259 790 1331 repetant
824 1259 857 1315 et
892 1255 1036 1332 pugnent
1063 1255 1177 1313 contra
1210 1265 1267 1311 eos
1301 1247 1355 1328 qni
1381 1244 1446 1308 Pla-
1492 1311 1493 1314 ,

228 1359 336 1417 tonem
365 1361 398 1418 et
426 1357 635 1422 Aristotelem
668 1358 811 1422 aemuloe
843 1359 929 1422 inter
956 1375 992 1422 se
1025 1363 1061 1421 ct
1093 1354 1232 1420 offensos
1261 1352 1447 1418 contendant
1492 1435 1493 1440 ἵ

228 1459 339 1526 inisse.
386 1461 434 1526 lle
456 1471 595 1546 unoque
616 1464 698 1530 nihil
721 1483 781 1528 nec
814 1464 901 1546 apud
928 1464 1093 1528 laertium
1118 1479 1224 1544 neque
1246 1461 1333 1542 apud
1354 1455 1447 1540 llesy·

227 1565 334 1631 chinm
374 1571 520 1650 quamvis
553 1571 586 1634 in
621 1589 729 1636 rernm
762 1573 950 1636 narratione
987 1570 1171 1634 concorden
1239 1567 1446 1649 Archetypum

228 1673 328 1754 igitur
360 1685 398 1740 ut
433 1677 480 1739 ita
510 1677 614 1742 dicem
650 1678 755 1758 illum,
790 1697 884 1760 quem
918 1677 1068 1741 laertius
1101 1683 1135 1740 et
1166 1673 1347 1756 Hesychius
1379 1672 1447 1736 reli-

226 1778 316 1858 giose
343 1779 559 1863 descripsere,
590 1785 618 1848 A
641 1791 675 1848 et
698 1783 726 1849 Β
748 1783 791 1849 ad
820 1783 1124 1867 Neoplatonicornm
1152 1799 1275 1846 morem
1303 1779 1446 1846 exhibent

226 1893 466 1952 commutatum.

315 2013 344 2056 a.
369 1993 469 2059 Plane
485 1996 570 2061 idem
594 2016 693 2078 supra
708 1993 748 2062 de
772 1997 1047 2079 Olympiodori
1070 1999 1138 2062 vita
1151 1995 1300 2061 Platonis
1321 2001 1354 2060 et
1369 1997 1447 2060 Ano-

223 2099 309 2178 nymi
334 2099 543 2166 decrevimus.

312 2205 342 2270 b.
368 2207 480 2272 Altera
508 2228 578 2273 cum
608 2209 886 2294 Olympiodoro
913 2210 1039 2276 accedit
1066 2209 1253 2274 similitudo.
1300 2207 1446 2273 Aristidis

224 2309 364 2376 rhetoris
388 2315 420 2377 in
444 2315 590 2381 Platonis
612 2317 785 2382 maledicta
806 2317 905 2381 bilem
921 2317 1149 2398 Olympiodoro
1172 2317 1253 2381 adeo
1275 2321 1444 2381 moverant

223 2423 259 2479 ut
290 2417 367 2481 data
398 2423 566 2486 occasione
593 2429 627 2487 et
655 2425 687 2488 in
718 2425 786 2488 vita
812 2425 885 2506 ipsa
913 2431 948 2488 et
975 2425 1007 2488 in
1036 2423 1266 2488 commentario
1289 2421 1446 2503 Gorgiauo

225 2541 296 2586 eum
325 2525 532 2592 acerbissime
561 2530 774 2612 impugnaret
828 2530 940 2612 Neque
969 2530 1066 2594 aliter
1093 2529 1245 2594 cordatus
1267 2525 1447 2592 Aristotelis

224 2627 421 2711 biographus
445 2632 485 2716 [A
510 2641 543 2698 et
557 2635 598 2719 B]
621 2636 765 2718 loquitur
789 2635 920 2720 [sequar
937 2635 1134 2701 Marcionem
1157 2643 1194 2700 ut
1213 2635 1446 2716 diligentiorem

222 2735 291 2814 p.3
316 2735 442 2816 Robbe;
473 2739 602 2807 brevius
626 2742 986 2826 Pseudoammoniana]:
1011 2739 1077 2808 ‘oria
1100 2745 1165 2826 ἄρα
1189 2737 1447 2829 ἀνῳκοδόμησεν

218 2835 283 2926 Ἄρ.
307 2843 427 2926 σχολὴν
449 2845 496 2910 ἔτι
520 2847 635 2922 ζῶντος
658 2851 693 2913 τό
717 2848 867 2930 Almam,
891 2847 934 2924 ὥς
951 2848 1171 2936 Ἀριστόξενος
1193 2851 1321 2934 noima
1345 2843 1447 2911 dcam

222 2943 366 3033 φάντησο
389 2951 445 3014 καὶ
464 2948 758 3041 Ἀριστείδης”)
781 2953 915 3040 ὕστερον
936 2953 1180 3040 ἠκολούθησεν.

311 3073 337 3120 c.
374 3055 536 3139 Singulari
582 3061 661 3125 mihi
700 3061 819 3143 obtigit
855 3061 1000 3143 fortuna,
1044 3067 1082 3128 nt
1119 3063 1296 3128 invenirem
1335 3075 1446 3141 reapse

222 3159 542 3244 Olympiodorum
571 3167 604 3232 in
636 3167 749 3232 eodem
777 3171 1006 3236 commentario
1035 3170 1199 3251 Gorgiano
1228 3167 1350 3252 [lahnii
1378 3184 1444 3231 ann.

222 3268 326 3348 suppl.
345 3269 419 3334 xlv
435 3291 466 3352 p.
484 3271 548 3335 394
566 3271 628 3356 sq.]
653 3275 749 3339 etiam
767 3277 974 3342 Aristotelem
999 3283 1109 3341 contra
1132 3273 1285 3340 Aristidis
1310 3275 1446 3356 impetus

222 3379 376 3440 tuentem.
424 3379 529 3460 Atque
561 3381 642 3446 adeo
675 3401 742 3446 rem
774 3389 810 3448 ut
838 3384 1022 3465 praecidam
1052 3383 1194 3447 iisdem
1217 3387 1330 3446 tuetur
1353 3379 1446 3446 aruris

222 3487 259 3544 ut
281 3481 479 3565 biographus
503 3485 558 3550 ille
581 3486 766 3554 Marcianus
789 3489 855 3574 [AJ.
896 3490 944 3554 Ne
967 3490 1071 3572 plura,
1096 3487 1242 3554 conteras
1265 3494 1445 3568 unumque.

221 3586 345 3654 videbis
367 3590 453 3671 ipse:

292 3867 444 3940 ⁹⁰)1tobbe
463 3881 494 3928 nt
512 3891 538 3945 p.
558 3877 592 3929 24
610 3890 753 3944 perperam
777 3877 897 3932 coniecit
915 3879 1107 3950 ‘’Apmax12‘152
1132 3877 1212 3934 cuins
1234 3877 1270 3933 de
1288 3874 1445 3933 Aristotelis

220 3955 279 4012 rita
297 3965 428 4028 excerpta
454 3961 568 4017 exhibet
595 3963 734 4020 Eusebius
759 3981 852 4037 praep.
880 3983 977 4039 evang.
995 3969 1061 4036 XV,
1088 3969 1128 4023 ita
1154 3969 1264 4022 omnino
1291 3967 1364 4024 nihll
1390 3965 1444 4034 ips-⁶·

221 4047 373 4118 praestitit3
392 4065 418 4117 p.
437 4052 472 4106 36
491 4051 598 4120 ineptit.
