<?xml version="1.0" encoding="UTF-8"?>
<!DOCTYPE html PUBLIC "-//W3C//DTD XHTML 1.0 Transitional//EN"
    "http://www.w3.org/TR/xhtml1/DTD/xhtml1-transitional.dtd">
<html xmlns="http://www.w3.org/1999/xhtml" xml:lang="en" lang="en">
 <head>
  <title>
</title>
<meta http-equiv="Content-Type" content="text/html;charset=utf-8" />
  <meta name='ocr-system' content='tesseract 3.04.00' />
  <meta name='ocr-capabilities' content='ocr_page ocr_carea ocr_par ocr_line ocrx_word'/>
</head>
<body>
  <div class='ocr_page' id='page_1' title='image "./philologischeun00maasgoog/philologischeun00maasgoog_0393.png"; bbox 0 0 3010 4866; ppageno 0'>
   <div class='ocr_carea' id='block_1_1' title="bbox 226 214 266 276">
    <p class='ocr_par' dir='ltr' id='par_1_1' title="bbox 226 214 266 276">
     <span class='ocr_line' id='line_1_1' title="bbox 226 214 266 276; baseline 0 0"><span class='ocrx_word' id='word_1_1' title='bbox 226 214 266 276; x_wconf 89' lang='lat'><strong>16</strong></span> 
     </span>
    </p>
   </div>
   <div class='ocr_carea' id='block_1_2' title="bbox 221 388 1497 3266">
    <p class='ocr_par' dir='ltr' id='par_1_2' title="bbox 221 388 1497 581">
     <span class='ocr_line' id='line_1_2' title="bbox 222 388 1497 474; baseline -0.002 -20"><span class='ocrx_word' id='word_1_2' title='bbox 222 389 362 455; x_wconf 90' lang='lat' dir='ltr'><strong>indicem</strong></span> <span class='ocrx_word' id='word_1_3' title='bbox 386 407 428 456; x_wconf 87' lang='lat' dir='ltr'><strong>ss.</strong></span> <span class='ocrx_word' id='word_1_4' title='bbox 454 389 529 474; x_wconf 84' lang='lat' dir='ltr'><strong>uv.].</strong></span> <span class='ocrx_word' id='word_1_5' title='bbox 569 389 763 456; x_wconf 83' lang='lat' dir='ltr'><strong>Ataliares</strong></span> <span class='ocrx_word' id='word_1_6' title='bbox 785 391 909 471; x_wconf 84' lang='lat' dir='ltr'><strong>inillis,</strong></span> <span class='ocrx_word' id='word_1_7' title='bbox 935 393 999 458; x_wconf 92' lang='lat' dir='ltr'><strong>alia</strong></span> <span class='ocrx_word' id='word_1_8' title='bbox 1022 393 1054 458; x_wconf 92' lang='lat' dir='ltr'><strong>in</strong></span> <span class='ocrx_word' id='word_1_9' title='bbox 1079 388 1284 474; x_wconf 67' lang='grc' dir='ltr'><strong><em>*Διοκλῆς”).</em></strong></span> <span class='ocrx_word' id='word_1_10' title='bbox 1322 389 1447 457; x_wconf 89' lang='lat' dir='ltr'><strong>Valebit</strong></span> <span class='ocrx_word' id='word_1_11' title='bbox 1496 395 1497 452; x_wconf 74' lang='lat'><em>3</em></span> 
     </span>
     <span class='ocr_line' id='line_1_3' title="bbox 221 497 869 581; baseline 0.003 -19"><span class='ocrx_word' id='word_1_12' title='bbox 221 497 321 579; x_wconf 85' lang='lat' dir='ltr'><strong>igitur</strong></span> <span class='ocrx_word' id='word_1_13' title='bbox 344 497 405 563; x_wconf 95' lang='lat' dir='ltr'><strong>hoc</strong></span> <span class='ocrx_word' id='word_1_14' title='bbox 429 497 612 574; x_wconf 82' lang='lat' dir='ltr'><strong>Nietzschei</strong></span> <span class='ocrx_word' id='word_1_15' title='bbox 636 505 869 581; x_wconf 80' lang='lat' dir='ltr'>argumentum.</span> 
     </span>
    </p>

    <p class='ocr_par' dir='ltr' id='par_1_3' title="bbox 222 605 1450 906">
     <span class='ocr_line' id='line_1_4' title="bbox 313 605 1446 690; baseline 0.001 -22"><span class='ocrx_word' id='word_1_16' title='bbox 313 608 341 670; x_wconf 86' lang='lat'><strong>1.</strong></span> <span class='ocrx_word' id='word_1_17' title='bbox 367 606 503 671; x_wconf 86' lang='lat' dir='ltr'><strong>Testes</strong></span> <span class='ocrx_word' id='word_1_18' title='bbox 533 606 566 670; x_wconf 92' lang='lat' dir='ltr'><strong>in</strong></span> <span class='ocrx_word' id='word_1_19' title='bbox 588 605 650 670; x_wconf 87' lang='lat' dir='ltr'><strong>hac</strong></span> <span class='ocrx_word' id='word_1_20' title='bbox 672 612 766 689; x_wconf 87' lang='lat' dir='ltr'><strong>parte</strong></span> <span class='ocrx_word' id='word_1_21' title='bbox 791 608 922 673; x_wconf 84' lang='lat' dir='ltr'><strong>excitati</strong></span> <span class='ocrx_word' id='word_1_22' title='bbox 945 608 1085 674; x_wconf 90' lang='lat' dir='ltr'><strong>medium</strong></span> <span class='ocrx_word' id='word_1_23' title='bbox 1108 607 1248 690; x_wconf 87' lang='lat' dir='ltr'><strong>primum</strong></span> <span class='ocrx_word' id='word_1_24' title='bbox 1270 626 1300 672; x_wconf 87' lang='lat' dir='ltr'><strong>a</strong></span> <span class='ocrx_word' id='word_1_25' title='bbox 1322 605 1392 671; x_wconf 84' lang='lat' dir='ltr'><strong>(ihr.</strong></span> <span class='ocrx_word' id='word_1_26' title='bbox 1417 623 1446 670; x_wconf 93' lang='lat' dir='ltr'><strong>n.</strong></span> 
     </span>
     <span class='ocr_line' id='line_1_5' title="bbox 222 712 1450 798; baseline 0 -22"><span class='ocrx_word' id='word_1_27' title='bbox 222 712 384 778; x_wconf 90' lang='lat' dir='ltr'><strong>saeculum</strong></span> <span class='ocrx_word' id='word_1_28' title='bbox 419 731 483 778; x_wconf 92' lang='lat' dir='ltr'><strong>non</strong></span> <span class='ocrx_word' id='word_1_29' title='bbox 520 719 687 794; x_wconf 89' lang='lat' dir='ltr'><strong>superant:</strong></span> <span class='ocrx_word' id='word_1_30' title='bbox 722 719 904 796; x_wconf 88' lang='lat' dir='ltr'><strong>postremus</strong></span> <span class='ocrx_word' id='word_1_31' title='bbox 935 716 1019 780; x_wconf 89' lang='lat' dir='ltr'><strong>enim</strong></span> <span class='ocrx_word' id='word_1_32' title='bbox 1049 714 1233 798; x_wconf 89' lang='lat' dir='ltr'><strong>adpellatur</strong></span> <span class='ocrx_word' id='word_1_33' title='bbox 1261 713 1450 780; x_wconf 84' lang='lat' dir='ltr'>Posidonius</span> 
     </span>
     <span class='ocr_line' id='line_1_6' title="bbox 222 819 855 906; baseline 0.003 -22"><span class='ocrx_word' id='word_1_34' title='bbox 222 819 291 900; x_wconf 88' lang='lat' dir='ltr'><strong>Vll,</strong></span> <span class='ocrx_word' id='word_1_35' title='bbox 318 821 358 884; x_wconf 80' lang='lat'><strong>62</strong></span> <span class='ocrx_word' id='word_1_36' title='bbox 383 819 436 902; x_wconf 84' lang='lat' dir='ltr'><strong>[ci.</strong></span> <span class='ocrx_word' id='word_1_37' title='bbox 462 819 567 885; x_wconf 91' lang='lat' dir='ltr'><strong>Zeller</strong></span> <span class='ocrx_word' id='word_1_38' title='bbox 589 821 648 886; x_wconf 86' lang='lat' dir='ltr'><strong>lV²</strong></span> <span class='ocrx_word' id='word_1_39' title='bbox 675 821 739 886; x_wconf 85' lang='lat'><strong>509</strong></span> <span class='ocrx_word' id='word_1_40' title='bbox 763 822 810 905; x_wconf 90' lang='lat' dir='ltr'><strong>n.]</strong></span> <span class='ocrx_word' id='word_1_41' title='bbox 833 819 855 906; x_wconf 67' lang='lat' dir='ltr'><strong>l.</strong></span> 
     </span>
    </p>

    <p class='ocr_par' dir='ltr' id='par_1_4' title="bbox 221 926 1456 3266">
     <span class='ocr_line' id='line_1_7' title="bbox 312 926 1452 1010; baseline 0 -20"><span class='ocrx_word' id='word_1_42' title='bbox 312 929 341 992; x_wconf 81' lang='lat'><strong>2.</strong></span> <span class='ocrx_word' id='word_1_43' title='bbox 366 927 403 991; x_wconf 95' lang='lat' dir='ltr'><strong>In</strong></span> <span class='ocrx_word' id='word_1_44' title='bbox 420 927 551 1010; x_wconf 84' lang='lat' dir='ltr'><strong>Epicuri</strong></span> <span class='ocrx_word' id='word_1_45' title='bbox 574 926 640 992; x_wconf 84' lang='lat' dir='ltr'><strong>vita</strong></span> <span class='ocrx_word' id='word_1_46' title='bbox 656 928 755 993; x_wconf 88' lang='lat' dir='ltr'><strong>semel</strong></span> <span class='ocrx_word' id='word_1_47' title='bbox 776 929 794 1010; x_wconf 61' lang='grc' dir='ltr'><strong><em>ξ</em></strong></span> <span class='ocrx_word' id='word_1_48' title='bbox 816 931 836 992; x_wconf 82' lang='lat'>4</span> <span class='ocrx_word' id='word_1_49' title='bbox 853 929 1002 994; x_wconf 87' lang='lat' dir='ltr'><strong>Laertius</strong></span> <span class='ocrx_word' id='word_1_50' title='bbox 1023 929 1064 994; x_wconf 90' lang='lat' dir='ltr'><strong>ad</strong></span> <span class='ocrx_word' id='word_1_51' title='bbox 1081 928 1255 995; x_wconf 87' lang='lat' dir='ltr'><strong>Sotionis</strong></span> <span class='ocrx_word' id='word_1_52' title='bbox 1272 927 1452 1000; x_wconf 81' lang='grc' dir='ltr'><strong><em>Διοκλελους</em></strong></span> 
     </span>
     <span class='ocr_line' id='line_1_8' title="bbox 222 1032 1450 1118; baseline 0.002 -22"><span class='ocrx_word' id='word_1_53' title='bbox 222 1032 371 1114; x_wconf 73' lang='grc' dir='ltr'><strong>ἐλέγχους</strong></span> <span class='ocrx_word' id='word_1_54' title='bbox 405 1034 497 1099; x_wconf 94' lang='lat' dir='ltr'><strong>libris</strong></span> <span class='ocrx_word' id='word_1_55' title='bbox 532 1035 637 1101; x_wconf 89' lang='lat' dir='ltr'>XXIV</span> <span class='ocrx_word' id='word_1_56' title='bbox 672 1035 871 1118; x_wconf 87' lang='lat' dir='ltr'><strong>conscriptos</strong></span> <span class='ocrx_word' id='word_1_57' title='bbox 905 1038 1100 1118; x_wconf 87' lang='lat' dir='ltr'><strong>provocavit.</strong></span> <span class='ocrx_word' id='word_1_58' title='bbox 1162 1037 1194 1101; x_wconf 89' lang='lat' dir='ltr'><strong>Is</strong></span> <span class='ocrx_word' id='word_1_59' title='bbox 1229 1035 1313 1101; x_wconf 87' lang='lat' dir='ltr'><strong>liber</strong></span> <span class='ocrx_word' id='word_1_60' title='bbox 1345 1040 1450 1100; x_wconf 90' lang='lat' dir='ltr'><strong>utrmn</strong></span> 
     </span>
     <span class='ocr_line' id='line_1_9' title="bbox 221 1139 1452 1227; baseline 0 -22"><span class='ocrx_word' id='word_1_61' title='bbox 221 1139 320 1206; x_wconf 84' lang='lat' dir='ltr'><strong>fuerit</strong></span> <span class='ocrx_word' id='word_1_62' title='bbox 359 1142 398 1205; x_wconf 90' lang='lat' dir='ltr'><strong>de</strong></span> <span class='ocrx_word' id='word_1_63' title='bbox 433 1143 641 1222; x_wconf 81' lang='lat' dir='ltr'><strong>‘argumentis</strong></span> <span class='ocrx_word' id='word_1_64' title='bbox 678 1144 849 1224; x_wconf 87' lang='lat' dir='ltr'><strong>Diocleis’‚</strong></span> <span class='ocrx_word' id='word_1_65' title='bbox 885 1149 922 1209; x_wconf 94' lang='lat' dir='ltr'><strong>ut</strong></span> <span class='ocrx_word' id='word_1_66' title='bbox 951 1143 1201 1210; x_wconf 82' lang='lat' dir='ltr'><strong>Fraudenthalio</strong></span> <span class='ocrx_word' id='word_1_67' title='bbox 1231 1143 1276 1227; x_wconf 89' lang='lat' dir='ltr'><strong>[p.</strong></span> <span class='ocrx_word' id='word_1_68' title='bbox 1307 1141 1384 1225; x_wconf 83' lang='grc'><strong>308]</strong></span> <span class='ocrx_word' id='word_1_69' title='bbox 1420 1147 1452 1206; x_wconf 86' lang='lat' dir='ltr'><strong>et</strong></span> 
     </span>
     <span class='ocr_line' id='line_1_10' title="bbox 223 1247 1453 1334; baseline -0.001 -22"><span class='ocrx_word' id='word_1_70' title='bbox 223 1247 345 1313; x_wconf 85' lang='lat' dir='ltr'><strong>Cobeto</strong></span> <span class='ocrx_word' id='word_1_71' title='bbox 369 1249 505 1329; x_wconf 73' lang='lat' dir='ltr'><strong>ridetur,</strong></span> <span class='ocrx_word' id='word_1_72' title='bbox 531 1269 572 1314; x_wconf 89' lang='lat' dir='ltr'><strong>an</strong></span> <span class='ocrx_word' id='word_1_73' title='bbox 594 1251 643 1315; x_wconf 87' lang='lat' dir='ltr'><strong>‘de</strong></span> <span class='ocrx_word' id='word_1_74' title='bbox 660 1250 856 1317; x_wconf 79' lang='lat' dir='ltr'><strong>refutatione</strong></span> <span class='ocrx_word' id='word_1_75' title='bbox 872 1251 1015 1333; x_wconf 84' lang='lat' dir='ltr'><strong>Dioclis’,</strong></span> <span class='ocrx_word' id='word_1_76' title='bbox 1040 1270 1122 1334; x_wconf 89' lang='lat' dir='ltr'><strong>quac</strong></span> <span class='ocrx_word' id='word_1_77' title='bbox 1140 1249 1380 1316; x_wconf 86' lang='lat' dir='ltr'><strong>Panzerbioteri</strong></span> <span class='ocrx_word' id='word_1_78' title='bbox 1405 1253 1453 1312; x_wconf 86' lang='lat' dir='ltr'><strong>cst</strong></span> 
     </span>
     <span class='ocr_line' id='line_1_11' title="bbox 223 1355 1451 1442; baseline -0.002 -22"><span class='ocrx_word' id='word_1_79' title='bbox 223 1356 407 1420; x_wconf 85' lang='lat' dir='ltr'><strong>coniectura</strong></span> <span class='ocrx_word' id='word_1_80' title='bbox 431 1355 553 1439; x_wconf 87' lang='lat' dir='ltr'><strong>[Jahnii</strong></span> <span class='ocrx_word' id='word_1_81' title='bbox 577 1376 650 1422; x_wconf 91' lang='lat' dir='ltr'><strong>ann.</strong></span> <span class='ocrx_word' id='word_1_82' title='bbox 676 1359 780 1440; x_wconf 75' lang='lat' dir='ltr'><strong>suppl,</strong></span> <span class='ocrx_word' id='word_1_83' title='bbox 805 1359 834 1425; x_wconf 90' lang='lat' dir='ltr'>V</span> <span class='ocrx_word' id='word_1_84' title='bbox 858 1359 974 1442; x_wconf 85' lang='grc'>(1837)</span> <span class='ocrx_word' id='word_1_85' title='bbox 998 1378 1029 1440; x_wconf 91' lang='lat' dir='ltr'><strong>p.</strong></span> <span class='ocrx_word' id='word_1_86' title='bbox 1055 1361 1118 1424; x_wconf 80' lang='lat'><strong>211</strong></span> <span class='ocrx_word' id='word_1_87' title='bbox 1144 1357 1239 1442; x_wconf 84' lang='lat' dir='ltr'><strong>sqq.]‚</strong></span> <span class='ocrx_word' id='word_1_88' title='bbox 1264 1375 1324 1422; x_wconf 86' lang='lat' dir='ltr'><strong>nec</strong></span> <span class='ocrx_word' id='word_1_89' title='bbox 1347 1355 1451 1420; x_wconf 89' lang='lat' dir='ltr'><strong>dirimi</strong></span> 
     </span>
     <span class='ocr_line' id='line_1_12' title="bbox 223 1463 1451 1548; baseline -0.001 -21"><span class='ocrx_word' id='word_1_90' title='bbox 223 1467 341 1544; x_wconf 85' lang='lat' dir='ltr'><strong>potest,</strong></span> <span class='ocrx_word' id='word_1_91' title='bbox 359 1463 517 1546; x_wconf 86' lang='lat' dir='ltr'><strong>siquidem</strong></span> <span class='ocrx_word' id='word_1_92' title='bbox 533 1463 626 1546; x_wconf 93' lang='lat' dir='ltr'><strong>plura</strong></span> <span class='ocrx_word' id='word_1_93' title='bbox 642 1463 823 1548; x_wconf 80' lang='lat' dir='ltr'><strong>fragmenta</strong></span> <span class='ocrx_word' id='word_1_94' title='bbox 839 1485 902 1532; x_wconf 93' lang='lat' dir='ltr'><strong>non</strong></span> <span class='ocrx_word' id='word_1_95' title='bbox 920 1471 1102 1548; x_wconf 76' lang='lat' dir='ltr'><strong>supersunt,</strong></span> <span class='ocrx_word' id='word_1_96' title='bbox 1121 1470 1155 1530; x_wconf 89' lang='lat' dir='ltr'><strong>ct</strong></span> <span class='ocrx_word' id='word_1_97' title='bbox 1170 1483 1284 1546; x_wconf 91' lang='lat' dir='ltr'><strong>parum</strong></span> <span class='ocrx_word' id='word_1_98' title='bbox 1301 1465 1451 1528; x_wconf 84' lang='lat' dir='ltr'><strong>interest:</strong></span> 
     </span>
     <span class='ocr_line' id='line_1_13' title="bbox 224 1572 1451 1655; baseline -0.001 -21"><span class='ocrx_word' id='word_1_99' title='bbox 224 1575 351 1636; x_wconf 89' lang='lat' dir='ltr'><strong>constat</strong></span> <span class='ocrx_word' id='word_1_100' title='bbox 375 1572 460 1636; x_wconf 90' lang='lat' dir='ltr'><strong>enirn</strong></span> <span class='ocrx_word' id='word_1_101' title='bbox 483 1573 644 1638; x_wconf 86' lang='lat' dir='ltr'><strong>mordicus</strong></span> <span class='ocrx_word' id='word_1_102' title='bbox 667 1574 699 1638; x_wconf 92' lang='lat' dir='ltr'><strong>in</strong></span> <span class='ocrx_word' id='word_1_103' title='bbox 716 1572 891 1655; x_wconf 83' lang='lat' dir='ltr'><strong>Epicurum</strong></span> <span class='ocrx_word' id='word_1_104' title='bbox 908 1573 1071 1640; x_wconf 86' lang='lat' dir='ltr'><strong>Sotionem</strong></span> <span class='ocrx_word' id='word_1_105' title='bbox 1088 1573 1178 1638; x_wconf 91' lang='lat' dir='ltr'><strong>illurn</strong></span> <span class='ocrx_word' id='word_1_106' title='bbox 1194 1590 1266 1638; x_wconf 88' lang='lat' dir='ltr'><strong>csse</strong></span> <span class='ocrx_word' id='word_1_107' title='bbox 1283 1572 1451 1637; x_wconf 84' lang='lat' dir='ltr'><strong>inuectum.</strong></span> 
     </span>
     <span class='ocr_line' id='line_1_14' title="bbox 223 1677 1454 1762; baseline 0.001 -20"><span class='ocrx_word' id='word_1_108' title='bbox 223 1677 368 1760; x_wconf 88' lang='lat' dir='ltr'><strong>Namque</strong></span> <span class='ocrx_word' id='word_1_109' title='bbox 396 1684 488 1744; x_wconf 90' lang='lat' dir='ltr'><strong>tanto</strong></span> <span class='ocrx_word' id='word_1_110' title='bbox 517 1681 590 1746; x_wconf 93' lang='lat' dir='ltr'><strong>odio</strong></span> <span class='ocrx_word' id='word_1_111' title='bbox 619 1681 780 1746; x_wconf 91' lang='lat' dir='ltr'><strong>hominem</strong></span> <span class='ocrx_word' id='word_1_112' title='bbox 808 1681 939 1762; x_wconf 79' lang='lat' dir='ltr'><strong>petivit,</strong></span> <span class='ocrx_word' id='word_1_113' title='bbox 972 1687 1009 1746; x_wconf 88' lang='lat' dir='ltr'><strong>ut</strong></span> <span class='ocrx_word' id='word_1_114' title='bbox 1036 1681 1173 1746; x_wconf 82' lang='lat' dir='ltr'><strong>lascivas</strong></span> <span class='ocrx_word' id='word_1_115' title='bbox 1208 1685 1243 1744; x_wconf 87' lang='lat' dir='ltr'><strong>ct</strong></span> <span class='ocrx_word' id='word_1_116' title='bbox 1276 1679 1454 1760; x_wconf 88' lang='lat' dir='ltr'><strong>impudicas</strong></span> 
     </span>
     <span class='ocr_line' id='line_1_15' title="bbox 223 1787 1452 1870; baseline -0.001 -19"><span class='ocrx_word' id='word_1_117' title='bbox 223 1787 379 1868; x_wconf 89' lang='lat' dir='ltr'><strong>quasdam</strong></span> <span class='ocrx_word' id='word_1_118' title='bbox 418 1787 575 1868; x_wconf 89' lang='lat' dir='ltr'><strong>epistulas</strong></span> <span class='ocrx_word' id='word_1_119' title='bbox 614 1807 696 1870; x_wconf 88' lang='lat' dir='ltr'><strong>quae</strong></span> <span class='ocrx_word' id='word_1_120' title='bbox 739 1787 1045 1854; x_wconf 83' lang='lat' dir='ltr'><strong>circumferebantur</strong></span> <span class='ocrx_word' id='word_1_121' title='bbox 1085 1787 1135 1853; x_wconf 83' lang='lat' dir='ltr'><strong>ad&#39;</strong></span> <span class='ocrx_word' id='word_1_122' title='bbox 1165 1805 1238 1852; x_wconf 88' lang='lat' dir='ltr'><strong>cum</strong></span> <span class='ocrx_word' id='word_1_123' title='bbox 1276 1791 1452 1852; x_wconf 85' lang='lat' dir='ltr'><strong>revocaret</strong></span> 
     </span>
     <span class='ocr_line' id='line_1_16' title="bbox 223 1893 1456 1976; baseline -0.003 -18"><span class='ocrx_word' id='word_1_124' title='bbox 223 1893 367 1958; x_wconf 89' lang='lat' dir='ltr'><strong>Dioclem</strong></span> <span class='ocrx_word' id='word_1_125' title='bbox 392 1895 491 1975; x_wconf 83' lang='lat' dir='ltr'><strong>igitur</strong></span> <span class='ocrx_word' id='word_1_126' title='bbox 514 1900 551 1959; x_wconf 94' lang='lat' dir='ltr'><strong>ut</strong></span> <span class='ocrx_word' id='word_1_127' title='bbox 573 1894 705 1976; x_wconf 85' lang='lat' dir='ltr'><strong>Epicuri</strong></span> <span class='ocrx_word' id='word_1_128' title='bbox 729 1895 931 1960; x_wconf 80' lang='lat' dir='ltr'><strong>laudatorem</strong></span> <span class='ocrx_word' id='word_1_129' title='bbox 955 1895 1138 1976; x_wconf 80' lang='lat' dir='ltr'><strong>exagitasse</strong></span> <span class='ocrx_word' id='word_1_130' title='bbox 1164 1893 1252 1960; x_wconf 86' lang='lat' dir='ltr'><strong>Sotio</strong></span> <span class='ocrx_word' id='word_1_131' title='bbox 1277 1893 1456 1960; x_wconf 88' lang='lat' dir='ltr'><strong>censendus</strong></span> 
     </span>
     <span class='ocr_line' id='line_1_17' title="bbox 224 1997 1455 2084; baseline 0.005 -20"><span class='ocrx_word' id='word_1_132' title='bbox 224 2005 283 2067; x_wconf 88' lang='lat' dir='ltr'><strong>est.</strong></span> <span class='ocrx_word' id='word_1_133' title='bbox 322 2001 417 2065; x_wconf 83' lang='lat' dir='ltr'><strong>Aliud</strong></span> <span class='ocrx_word' id='word_1_134' title='bbox 433 2001 566 2066; x_wconf 88' lang='lat' dir='ltr'><strong>accedit.</strong></span> <span class='ocrx_word' id='word_1_135' title='bbox 604 2001 745 2068; x_wconf 86' lang='lat' dir='ltr'><strong>Sotionis</strong></span> <span class='ocrx_word' id='word_1_136' title='bbox 761 2003 809 2067; x_wconf 90' lang='lat' dir='ltr'><strong>ita</strong></span> <span class='ocrx_word' id='word_1_137' title='bbox 825 2003 1021 2068; x_wconf 86' lang='lat' dir='ltr'><strong>mentionem</strong></span> <span class='ocrx_word' id='word_1_138' title='bbox 1037 2002 1067 2067; x_wconf 90' lang='lat' dir='ltr'>X</span> <span class='ocrx_word' id='word_1_139' title='bbox 1083 2003 1102 2068; x_wconf 89' lang='lat'><strong>3</strong></span> <span class='ocrx_word' id='word_1_140' title='bbox 1120 2002 1248 2068; x_wconf 88' lang='lat' dir='ltr'><strong>iniecit:</strong></span> <span class='ocrx_word' id='word_1_141' title='bbox 1268 1997 1455 2084; x_wconf 77' lang='grc' dir='ltr'><strong>Διότιμος</strong></span> 
     </span>
     <span class='ocr_line' id='line_1_18' title="bbox 225 2104 1456 2197; baseline -0.001 -27"><span class='ocrx_word' id='word_1_142' title='bbox 225 2106 266 2170; x_wconf 77' lang='grc' dir='ltr'><strong>δὲ</strong></span> <span class='ocrx_word' id='word_1_143' title='bbox 294 2105 311 2171; x_wconf 90' lang='grc' dir='ltr'><strong><em>ὁ</em></strong></span> <span class='ocrx_word' id='word_1_144' title='bbox 337 2106 495 2182; x_wconf 80' lang='grc' dir='ltr'><strong><em>σεωϊκός</em></strong></span> <span class='ocrx_word' id='word_1_145' title='bbox 518 2109 681 2192; x_wconf 80' lang='grc' dir='ltr'><strong>δυσμενῶς</strong></span> <span class='ocrx_word' id='word_1_146' title='bbox 703 2109 786 2189; x_wconf 85' lang='grc' dir='ltr'><strong><em>ἔχων</em></strong></span> <span class='ocrx_word' id='word_1_147' title='bbox 816 2108 898 2197; x_wconf 85' lang='grc' dir='ltr'><strong><em>πρὸς</em></strong></span> <span class='ocrx_word' id='word_1_148' title='bbox 928 2104 1029 2175; x_wconf 73' lang='grc' dir='ltr'><strong><em>αὐτόν</em></strong></span> <span class='ocrx_word' id='word_1_149' title='bbox 1053 2109 1254 2194; x_wconf 84' lang='lat' dir='ltr'><strong>(Epicurum)</strong></span> <span class='ocrx_word' id='word_1_150' title='bbox 1277 2105 1456 2194; x_wconf 72' lang='grc' dir='ltr'><strong><em>πικρότατα</em></strong></span> 
     </span>
     <span class='ocr_line' id='line_1_19' title="bbox 224 2211 1456 2304; baseline 0.003 -27"><span class='ocrx_word' id='word_1_151' title='bbox 224 2213 437 2300; x_wconf 74' lang='grc' dir='ltr'><strong><em>διαβέβληκεν</em></strong></span> <span class='ocrx_word' id='word_1_152' title='bbox 464 2214 638 2292; x_wconf 75' lang='grc' dir='ltr'><strong><em>ἐπιστολὰς</em></strong></span> <span class='ocrx_word' id='word_1_153' title='bbox 666 2221 773 2302; x_wconf 77' lang='grc' dir='ltr'><strong><em>(μόρων</em></strong></span> <span class='ocrx_word' id='word_1_154' title='bbox 805 2215 1002 2304; x_wconf 73' lang='grc' dir='ltr'><strong><em>πεντήκοντα</em></strong></span> <span class='ocrx_word' id='word_1_155' title='bbox 1029 2211 1174 2296; x_wconf 68' lang='lat' dir='ltr'><strong>destruis</strong></span> <span class='ocrx_word' id='word_1_156' title='bbox 1201 2213 1243 2292; x_wconf 79' lang='grc' dir='ltr'><strong>ὡς</strong></span> <span class='ocrx_word' id='word_1_157' title='bbox 1258 2211 1456 2300; x_wconf 70' lang='grc' dir='ltr'><strong><em>Ἐπικούρου</em></strong></span> 
     </span>
     <span class='ocr_line' id='line_1_20' title="bbox 224 2319 1456 2412; baseline 0.003 -28"><span class='ocrx_word' id='word_1_158' title='bbox 224 2327 278 2384; x_wconf 80' lang='grc' dir='ltr'><strong><em>καλ</em></strong></span> <span class='ocrx_word' id='word_1_159' title='bbox 306 2319 323 2386; x_wconf 91' lang='grc' dir='ltr'><strong><em>ό</em></strong></span> <span class='ocrx_word' id='word_1_160' title='bbox 353 2319 394 2386; x_wconf 74' lang='lat' dir='ltr'><strong>roi</strong></span> <span class='ocrx_word' id='word_1_161' title='bbox 422 2324 466 2397; x_wconf 77' lang='lat' dir='ltr'><strong>sic</strong></span> <span class='ocrx_word' id='word_1_162' title='bbox 500 2322 695 2410; x_wconf 80' lang='grc' dir='ltr'><strong><em>Χρύσιππον</em></strong></span> <span class='ocrx_word' id='word_1_163' title='bbox 730 2320 965 2412; x_wconf 79' lang='grc' dir='ltr'><strong><em>ἀναφερόμενα</em></strong></span> <span class='ocrx_word' id='word_1_164' title='bbox 999 2321 1169 2390; x_wconf 74' lang='grc' dir='ltr'><strong><em>ἐπιστόλια</em></strong></span> <span class='ocrx_word' id='word_1_165' title='bbox 1203 2323 1245 2398; x_wconf 80' lang='grc' dir='ltr'><strong>ὡς</strong></span> <span class='ocrx_word' id='word_1_166' title='bbox 1266 2319 1456 2406; x_wconf 73' lang='grc' dir='ltr'><strong><em>Ἐπικούρου</em></strong></span> 
     </span>
     <span class='ocr_line' id='line_1_21' title="bbox 225 2425 1456 2518; baseline 0 -28"><span class='ocrx_word' id='word_1_167' title='bbox 225 2429 395 2506; x_wconf 81' lang='grc' dir='ltr'><strong><em>συντάξας·</em></strong></span> <span class='ocrx_word' id='word_1_168' title='bbox 419 2425 518 2494; x_wconf 76' lang='grc' dir='ltr'><strong><em>ἄλλα</em></strong></span> <span class='ocrx_word' id='word_1_169' title='bbox 540 2435 606 2495; x_wconf 80' lang='grc' dir='ltr'><strong>καὶ</strong></span> <span class='ocrx_word' id='word_1_170' title='bbox 630 2430 666 2498; x_wconf 76' lang='grc' dir='ltr'><strong>οἳ</strong></span> <span class='ocrx_word' id='word_1_171' title='bbox 689 2433 777 2518; x_wconf 66' lang='grc' dir='ltr'><strong><em>περὶ</em></strong></span> <span class='ocrx_word' id='word_1_172' title='bbox 801 2429 1073 2498; x_wconf 78' lang='grc' dir='ltr'><strong><em>Ποσειδώνιον</em></strong></span> <span class='ocrx_word' id='word_1_173' title='bbox 1100 2433 1171 2496; x_wconf 73' lang='lat' dir='ltr'><strong>cdv</strong></span> <span class='ocrx_word' id='word_1_174' title='bbox 1198 2428 1365 2494; x_wconf 80' lang='grc' dir='ltr'><strong><em>στωῖκὸν</em></strong></span> <span class='ocrx_word' id='word_1_175' title='bbox 1393 2433 1456 2492; x_wconf 78' lang='grc' dir='ltr'><strong>καὶ</strong></span> 
     </span>
     <span class='ocr_line' id='line_1_22' title="bbox 226 2536 1456 2628; baseline 0.007 -28"><span class='ocrx_word' id='word_1_176' title='bbox 226 2536 498 2612; x_wconf 84' lang='grc' dir='ltr'><strong><em>Νικόλαοςκαλ</em></strong></span> <span class='ocrx_word' id='word_1_177' title='bbox 524 2539 678 2606; x_wconf 81' lang='grc' dir='ltr'><strong><em>Σωτίων</em></strong></span> <span class='ocrx_word' id='word_1_178' title='bbox 702 2539 740 2604; x_wconf 77' lang='grc' dir='ltr'><strong>ἐν</strong></span> <span class='ocrx_word' id='word_1_179' title='bbox 756 2547 807 2628; x_wconf 82' lang='grc' dir='ltr'><strong>τῷ</strong></span> <span class='ocrx_word' id='word_1_180' title='bbox 821 2537 1031 2628; x_wconf 76' lang='grc' dir='ltr'><strong>δωδεκάτῳ</strong></span> <span class='ocrx_word' id='word_1_181' title='bbox 1055 2539 1116 2624; x_wconf 84' lang='lat' dir='ltr'><strong>[sic</strong></span> <span class='ocrx_word' id='word_1_182' title='bbox 1132 2537 1368 2618; x_wconf 64' lang='lat' dir='ltr'><strong>Wilamowitz„</strong></span> <span class='ocrx_word' id='word_1_183' title='bbox 1392 2547 1456 2608; x_wconf 74' lang='grc' dir='ltr'><strong><em>ταῖς</em></strong></span> 
     </span>
     <span class='ocr_line' id='line_1_23' title="bbox 224 2637 1455 2734; baseline -0.002 -28"><span class='ocrx_word' id='word_1_184' title='bbox 224 2639 350 2708; x_wconf 79' lang='grc' dir='ltr'><strong><em>δώδεκα</em></strong></span> <span class='ocrx_word' id='word_1_185' title='bbox 374 2645 479 2729; x_wconf 79' lang='lat' dir='ltr'><strong>codd]</strong></span> <span class='ocrx_word' id='word_1_186' title='bbox 503 2653 578 2710; x_wconf 77' lang='grc' dir='ltr'><strong>τῶν</strong></span> <span class='ocrx_word' id='word_1_187' title='bbox 597 2647 938 2734; x_wconf 73' lang='grc' dir='ltr'><strong><em>ἐπιγραφομένων</em></strong></span> <span class='ocrx_word' id='word_1_188' title='bbox 961 2645 1192 2711; x_wconf 73' lang='grc' dir='ltr'><strong>ιΔιοκλείων</strong></span> <span class='ocrx_word' id='word_1_189' title='bbox 1212 2644 1412 2726; x_wconf 57' lang='grc' dir='ltr'><strong><em>ἐλέγχων,</em></strong></span> <span class='ocrx_word' id='word_1_190' title='bbox 1435 2637 1455 2704; x_wconf 87' lang='grc' dir='ltr'><strong><em>ό</em></strong></span> 
     </span>
     <span class='ocr_line' id='line_1_24' title="bbox 225 2749 1456 2837; baseline 0.002 -25"><span class='ocrx_word' id='word_1_191' title='bbox 225 2749 302 2814; x_wconf 75' lang='grc' dir='ltr'><strong><em>ἐστι</em></strong></span> <span class='ocrx_word' id='word_1_192' title='bbox 326 2753 412 2836; x_wconf 81' lang='grc' dir='ltr'><strong><em>περλ</em></strong></span> <span class='ocrx_word' id='word_1_193' title='bbox 439 2754 532 2828; x_wconf 80' lang='grc' dir='ltr'><strong>τούς</strong></span> <span class='ocrx_word' id='word_1_194' title='bbox 554 2754 615 2834; x_wconf 85' lang='grc' dir='ltr'><strong>κδ’,</strong></span> <span class='ocrx_word' id='word_1_195' title='bbox 640 2754 704 2818; x_wconf 77' lang='grc' dir='ltr'><strong>καὶ</strong></span> <span class='ocrx_word' id='word_1_196' title='bbox 731 2754 943 2828; x_wconf 75' lang='grc' dir='ltr'><strong><em>Διονύσιος</em></strong></span> <span class='ocrx_word' id='word_1_197' title='bbox 965 2750 983 2818; x_wconf 88' lang='grc' dir='ltr'><strong><em>ό</em></strong></span> <span class='ocrx_word' id='word_1_198' title='bbox 1007 2749 1327 2837; x_wconf 71' lang='grc' dir='ltr'><strong><em>Ἁλικαρνασεύς.</em></strong></span> <span class='ocrx_word' id='word_1_199' title='bbox 1383 2752 1456 2816; x_wconf 89' lang='lat' dir='ltr'><strong>Dio-</strong></span> 
     </span>
     <span class='ocr_line' id='line_1_25' title="bbox 224 2857 1456 2940; baseline 0.001 -18"><span class='ocrx_word' id='word_1_200' title='bbox 224 2859 350 2940; x_wconf 89' lang='lat' dir='ltr'><strong>nysium</strong></span> <span class='ocrx_word' id='word_1_201' title='bbox 378 2859 450 2924; x_wconf 91' lang='lat' dir='ltr'><strong>Hal.</strong></span> <span class='ocrx_word' id='word_1_202' title='bbox 481 2861 663 2926; x_wconf 88' lang='lat' dir='ltr'><strong>maiorem</strong></span> <span class='ocrx_word' id='word_1_203' title='bbox 695 2862 759 2928; x_wconf 94' lang='lat' dir='ltr'><strong>dici</strong></span> <span class='ocrx_word' id='word_1_204' title='bbox 788 2861 999 2927; x_wconf 88' lang='lat' dir='ltr'><strong>Nietzscheus</strong></span> <span class='ocrx_word' id='word_1_205' title='bbox 1028 2861 1098 2926; x_wconf 89' lang='lat' dir='ltr'><strong>sine</strong></span> <span class='ocrx_word' id='word_1_206' title='bbox 1127 2859 1326 2940; x_wconf 84' lang='lat' dir='ltr'><strong>argumentis</strong></span> <span class='ocrx_word' id='word_1_207' title='bbox 1357 2857 1456 2924; x_wconf 91' lang='lat' dir='ltr'><strong>credi·</strong></span> 
     </span>
     <span class='ocr_line' id='line_1_26' title="bbox 225 2966 1456 3053; baseline -0.002 -24"><span class='ocrx_word' id='word_1_208' title='bbox 225 2966 274 3030; x_wconf 90' lang='lat' dir='ltr'><strong>dit</strong></span> <span class='ocrx_word' id='word_1_209' title='bbox 306 2983 364 3031; x_wconf 91' lang='lat' dir='ltr'><strong>nec</strong></span> <span class='ocrx_word' id='word_1_210' title='bbox 392 2967 575 3050; x_wconf 85' lang='lat' dir='ltr'><strong>ambiguum</strong></span> <span class='ocrx_word' id='word_1_211' title='bbox 608 2969 751 3049; x_wconf 89' lang='lat' dir='ltr'><strong>videtur,</strong></span> <span class='ocrx_word' id='word_1_212' title='bbox 781 2971 809 3034; x_wconf 89' lang='lat' dir='ltr'><strong>si</strong></span> <span class='ocrx_word' id='word_1_213' title='bbox 843 2969 971 3051; x_wconf 90' lang='lat' dir='ltr'><strong>quidem</strong></span> <span class='ocrx_word' id='word_1_214' title='bbox 999 2967 1072 3053; x_wconf 84' lang='grc' dir='ltr'><strong><em>περλ</em></strong></span> <span class='ocrx_word' id='word_1_215' title='bbox 1099 2967 1257 3052; x_wconf 75' lang='grc' dir='ltr'><strong><em>μιμήσεως</em></strong></span> <span class='ocrx_word' id='word_1_216' title='bbox 1286 2966 1456 3048; x_wconf 83' lang='lat' dir='ltr'><strong>disputans</strong></span> 
     </span>
     <span class='ocr_line' id='line_1_27' title="bbox 226 3071 1455 3158; baseline -0.002 -21"><span class='ocrx_word' id='word_1_217' title='bbox 226 3072 265 3137; x_wconf 89' lang='lat' dir='ltr'><strong>de</strong></span> <span class='ocrx_word' id='word_1_218' title='bbox 294 3074 442 3156; x_wconf 88' lang='lat' dir='ltr'><strong>epistulis</strong></span> <span class='ocrx_word' id='word_1_219' title='bbox 470 3075 535 3141; x_wconf 86' lang='lat' dir='ltr'><strong>illis</strong></span> <span class='ocrx_word' id='word_1_220' title='bbox 567 3077 613 3140; x_wconf 89' lang='lat' dir='ltr'><strong>ita</strong></span> <span class='ocrx_word' id='word_1_221' title='bbox 644 3077 787 3142; x_wconf 89' lang='lat' dir='ltr'><strong>iudicare</strong></span> <span class='ocrx_word' id='word_1_222' title='bbox 822 3075 916 3141; x_wconf 83' lang='lat' dir='ltr'><strong>facile</strong></span> <span class='ocrx_word' id='word_1_223' title='bbox 938 3077 1055 3158; x_wconf 88' lang='lat' dir='ltr'><strong>potuit.</strong></span> <span class='ocrx_word' id='word_1_224' title='bbox 1104 3073 1171 3140; x_wconf 91' lang='lat' dir='ltr'><strong>Nec</strong></span> <span class='ocrx_word' id='word_1_225' title='bbox 1198 3073 1349 3140; x_wconf 90' lang='lat' dir='ltr'><strong>dissitum</strong></span> <span class='ocrx_word' id='word_1_226' title='bbox 1373 3071 1455 3156; x_wconf 87' lang='lat' dir='ltr'><strong>quod</strong></span> 
     </span>
     <span class='ocr_line' id='line_1_28' title="bbox 226 3179 1456 3266; baseline 0 -23"><span class='ocrx_word' id='word_1_227' title='bbox 226 3179 276 3244; x_wconf 83' lang='lat' dir='ltr'><strong>‘de</strong></span> <span class='ocrx_word' id='word_1_228' title='bbox 300 3182 531 3263; x_wconf 88' lang='lat' dir='ltr'><strong>compositione</strong></span> <span class='ocrx_word' id='word_1_229' title='bbox 554 3181 732 3248; x_wconf 84' lang='lat' dir='ltr'><strong>rerborum&#39;</strong></span> <span class='ocrx_word' id='word_1_230' title='bbox 758 3183 863 3250; x_wconf 87' lang='lat' dir='ltr'>XXIV</span> <span class='ocrx_word' id='word_1_231' title='bbox 887 3183 962 3266; x_wconf 86' lang='lat' dir='ltr'><strong>[vol.</strong></span> <span class='ocrx_word' id='word_1_232' title='bbox 987 3183 1016 3249; x_wconf 91' lang='lat' dir='ltr'>V</span> <span class='ocrx_word' id='word_1_233' title='bbox 1039 3201 1070 3265; x_wconf 90' lang='lat' dir='ltr'><strong>p.</strong></span> <span class='ocrx_word' id='word_1_234' title='bbox 1099 3183 1160 3248; x_wconf 90' lang='lat'><strong>188</strong></span> <span class='ocrx_word' id='word_1_235' title='bbox 1189 3199 1236 3264; x_wconf 88' lang='lat' dir='ltr'><strong>sq.</strong></span> <span class='ocrx_word' id='word_1_236' title='bbox 1261 3181 1399 3266; x_wconf 86' lang='lat' dir='ltr'><strong>Reislrc]</strong></span> <span class='ocrx_word' id='word_1_237' title='bbox 1426 3185 1456 3244; x_wconf 87' lang='lat' dir='ltr'><strong>et</strong></span> 
     </span>
    </p>
   </div>
   <div class='ocr_carea' id='block_1_3' title="bbox 226 3353 1456 4236">
    <p class='ocr_par' dir='ltr' id='par_1_5' title="bbox 226 3353 1456 3608">
     <span class='ocr_line' id='line_1_29' title="bbox 297 3353 1455 3429; baseline -0.005 -17"><span class='ocrx_word' id='word_1_238' title='bbox 297 3357 321 3427; x_wconf 71' lang='grc'><strong>7)</strong></span> <span class='ocrx_word' id='word_1_239' title='bbox 339 3357 441 3412; x_wconf 89' lang='lat' dir='ltr'><strong>Notum</strong></span> <span class='ocrx_word' id='word_1_240' title='bbox 469 3365 523 3424; x_wconf 83' lang='lat' dir='ltr'><strong>est,</strong></span> <span class='ocrx_word' id='word_1_241' title='bbox 552 3365 622 3416; x_wconf 82' lang='grc' dir='ltr'><strong><em>Διόιυ</em></strong></span> <span class='ocrx_word' id='word_1_242' title='bbox 648 3359 880 3429; x_wconf 84' lang='lat' dir='ltr'><strong>hypocoristicam</strong></span> <span class='ocrx_word' id='word_1_243' title='bbox 904 3359 1020 3414; x_wconf 87' lang='lat' dir='ltr'><strong>nominis</strong></span> <span class='ocrx_word' id='word_1_244' title='bbox 1044 3360 1152 3426; x_wconf 76' lang='grc' dir='ltr'><strong><em>Διοκλῆς</em></strong></span> <span class='ocrx_word' id='word_1_245' title='bbox 1176 3373 1235 3412; x_wconf 88' lang='lat' dir='ltr'><strong>esse</strong></span> <span class='ocrx_word' id='word_1_246' title='bbox 1261 3355 1387 3412; x_wconf 80' lang='lat' dir='ltr'><strong>formam.</strong></span> <span class='ocrx_word' id='word_1_247' title='bbox 1423 3353 1455 3408; x_wconf 87' lang='lat' dir='ltr'><strong>ci.</strong></span> 
     </span>
     <span class='ocr_line' id='line_1_30' title="bbox 227 3443 1456 3521; baseline -0.002 -19"><span class='ocrx_word' id='word_1_248' title='bbox 227 3445 322 3502; x_wconf 83' lang='grc' dir='ltr'><strong><em>Δόσων</em></strong></span> <span class='ocrx_word' id='word_1_249' title='bbox 336 3479 368 3487; x_wconf 93' lang='grc'>-</span> <span class='ocrx_word' id='word_1_250' title='bbox 384 3450 526 3518; x_wconf 53' lang='grc' dir='ltr'><strong><em>Λυσικλῆς</em></strong></span> <span class='ocrx_word' id='word_1_251' title='bbox 542 3447 669 3521; x_wconf 74' lang='grc' dir='ltr'><strong><em>Ἀγάθων</em></strong></span> <span class='ocrx_word' id='word_1_252' title='bbox 683 3479 716 3489; x_wconf 95' lang='grc'><strong>-</strong></span> <span class='ocrx_word' id='word_1_253' title='bbox 728 3449 908 3520; x_wconf 71' lang='grc' dir='ltr'><strong><em>’Δγαδοκλῆςς</em></strong></span> <span class='ocrx_word' id='word_1_254' title='bbox 929 3453 1022 3503; x_wconf 75' lang='grc' dir='ltr'><strong><em>Φίλων</em></strong></span> <span class='ocrx_word' id='word_1_255' title='bbox 1037 3478 1071 3488; x_wconf 91' lang='grc'><strong>-</strong></span> <span class='ocrx_word' id='word_1_256' title='bbox 1085 3443 1215 3512; x_wconf 77' lang='grc' dir='ltr'><strong><em>Φιλοκλῆς</em></strong></span> <span class='ocrx_word' id='word_1_257' title='bbox 1233 3451 1288 3501; x_wconf 85' lang='grc' dir='ltr'><strong><em>κιλ.</em></strong></span> <span class='ocrx_word' id='word_1_258' title='bbox 1321 3446 1456 3502; x_wconf 77' lang='lat' dir='ltr'><strong>Crederes</strong></span> 
     </span>
     <span class='ocr_line' id='line_1_31' title="bbox 226 3537 992 3608; baseline 0.001 -18"><span class='ocrx_word' id='word_1_259' title='bbox 226 3551 259 3590; x_wconf 86' lang='lat' dir='ltr'><strong>ea</strong></span> <span class='ocrx_word' id='word_1_260' title='bbox 277 3537 310 3592; x_wconf 86' lang='lat' dir='ltr'><strong>de</strong></span> <span class='ocrx_word' id='word_1_261' title='bbox 330 3553 412 3592; x_wconf 87' lang='lat' dir='ltr'><strong>causa</strong></span> <span class='ocrx_word' id='word_1_262' title='bbox 430 3537 530 3592; x_wconf 89' lang='lat' dir='ltr'><strong>ceteris</strong></span> <span class='ocrx_word' id='word_1_263' title='bbox 549 3537 672 3592; x_wconf 85' lang='lat' dir='ltr'><strong>Dioclem</strong></span> <span class='ocrx_word' id='word_1_264' title='bbox 696 3537 769 3592; x_wconf 88' lang='lat' dir='ltr'><strong>illam</strong></span> <span class='ocrx_word' id='word_1_265' title='bbox 792 3537 992 3608; x_wconf 86' lang='lat' dir='ltr'><strong>praeposuisse.</strong></span> 
     </span>
    </p>

    <p class='ocr_par' dir='ltr' id='par_1_6' title="bbox 227 3623 1455 4236">
     <span class='ocr_line' id='line_1_32' title="bbox 301 3623 1455 3698; baseline -0.003 -18"><span class='ocrx_word' id='word_1_266' title='bbox 301 3625 326 3696; x_wconf 79' lang='lat'><strong>⁸)</strong></span> <span class='ocrx_word' id='word_1_267' title='bbox 344 3627 438 3682; x_wconf 79' lang='lat' dir='ltr'><strong>crinin</strong></span> <span class='ocrx_word' id='word_1_268' title='bbox 462 3627 510 3695; x_wconf 90' lang='lat' dir='ltr'><strong>qui</strong></span> <span class='ocrx_word' id='word_1_269' title='bbox 528 3627 545 3698; x_wconf 59' lang='grc' dir='ltr'>ᾗ</span> <span class='ocrx_word' id='word_1_270' title='bbox 563 3629 597 3683; x_wconf 89' lang='grc'><strong>68</strong></span> <span class='ocrx_word' id='word_1_271' title='bbox 622 3627 730 3696; x_wconf 83' lang='lat' dir='ltr'><strong>saepius</strong></span> <span class='ocrx_word' id='word_1_272' title='bbox 755 3627 857 3682; x_wconf 86' lang='lat' dir='ltr'><strong>citatur</strong></span> <span class='ocrx_word' id='word_1_273' title='bbox 875 3627 1047 3683; x_wconf 88' lang='lat' dir='ltr'><strong>Bahnschius</strong></span> <span class='ocrx_word' id='word_1_274' title='bbox 1065 3643 1093 3695; x_wconf 87' lang='lat' dir='ltr'><strong>p.</strong></span> <span class='ocrx_word' id='word_1_275' title='bbox 1111 3627 1147 3682; x_wconf 79' lang='lat' dir='ltr'><strong>tr</strong></span> <span class='ocrx_word' id='word_1_276' title='bbox 1166 3631 1195 3680; x_wconf 84' lang='lat' dir='ltr'><strong>ct</strong></span> <span class='ocrx_word' id='word_1_277' title='bbox 1214 3623 1339 3678; x_wconf 83' lang='lat' dir='ltr'><strong>Zellerns</strong></span> <span class='ocrx_word' id='word_1_278' title='bbox 1361 3623 1414 3680; x_wconf 73' lang='lat' dir='ltr'><strong>lV’</strong></span> <span class='ocrx_word' id='word_1_279' title='bbox 1430 3639 1455 3692; x_wconf 90' lang='lat' dir='ltr'><strong>p.</strong></span> 
     </span>
     <span class='ocr_line' id='line_1_33' title="bbox 228 3711 1455 3787; baseline -0.004 -16"><span class='ocrx_word' id='word_1_280' title='bbox 228 3717 279 3772; x_wconf 86' lang='grc'><strong>613</strong></span> <span class='ocrx_word' id='word_1_281' title='bbox 290 3733 317 3770; x_wconf 89' lang='grc' dir='ltr'><strong>ιι.</strong></span> <span class='ocrx_word' id='word_1_282' title='bbox 335 3717 423 3785; x_wconf 88' lang='lat' dir='ltr'><strong>primo</strong></span> <span class='ocrx_word' id='word_1_283' title='bbox 438 3723 500 3786; x_wconf 87' lang='lat' dir='ltr'><strong>post</strong></span> <span class='ocrx_word' id='word_1_284' title='bbox 513 3716 576 3772; x_wconf 81' lang='lat' dir='ltr'><strong>Chr.</strong></span> <span class='ocrx_word' id='word_1_285' title='bbox 596 3733 622 3772; x_wconf 93' lang='lat' dir='ltr'><strong>n.</strong></span> <span class='ocrx_word' id='word_1_286' title='bbox 643 3717 751 3772; x_wconf 89' lang='lat' dir='ltr'><strong>saeculo</strong></span> <span class='ocrx_word' id='word_1_287' title='bbox 771 3717 985 3787; x_wconf 83' lang='lat' dir='ltr'><strong>adscripserunt,</strong></span> <span class='ocrx_word' id='word_1_288' title='bbox 1003 3713 1070 3770; x_wconf 84' lang='lat' dir='ltr'><strong>irati</strong></span> <span class='ocrx_word' id='word_1_289' title='bbox 1088 3713 1128 3770; x_wconf 93' lang='lat' dir='ltr'><strong>illi</strong></span> <span class='ocrx_word' id='word_1_290' title='bbox 1145 3713 1275 3784; x_wconf 78' lang='lat' dir='ltr'><strong>Epicteto</strong></span> <span class='ocrx_word' id='word_1_291' title='bbox 1293 3711 1328 3770; x_wconf 86' lang='lat' dir='ltr'><strong>cl.</strong></span> <span class='ocrx_word' id='word_1_292' title='bbox 1347 3713 1455 3770; x_wconf 77' lang='lat' dir='ltr'><strong>unsara</strong></span> 
     </span>
     <span class='ocr_line' id='line_1_34' title="bbox 227 3802 1455 3876; baseline -0.003 -20"><span class='ocrx_word' id='word_1_293' title='bbox 227 3803 269 3856; x_wconf 92' lang='lat'><strong>111</strong></span> <span class='ocrx_word' id='word_1_294' title='bbox 288 3807 313 3874; x_wconf 79' lang='lat'><strong>2,</strong></span> <span class='ocrx_word' id='word_1_295' title='bbox 331 3807 375 3862; x_wconf 79' lang='lat' dir='ltr'><strong>ts.</strong></span> <span class='ocrx_word' id='word_1_296' title='bbox 412 3807 450 3860; x_wconf 81' lang='lat' dir='ltr'><strong>At</strong></span> <span class='ocrx_word' id='word_1_297' title='bbox 468 3807 614 3876; x_wconf 82' lang='lat' dir='ltr'><strong>Epictetus</strong></span> <span class='ocrx_word' id='word_1_298' title='bbox 632 3807 701 3860; x_wconf 92' lang='lat' dir='ltr'><strong>nihil</strong></span> <span class='ocrx_word' id='word_1_299' title='bbox 720 3812 814 3862; x_wconf 89' lang='lat' dir='ltr'><strong>narrat</strong></span> <span class='ocrx_word' id='word_1_300' title='bbox 832 3807 886 3861; x_wconf 89' lang='lat' dir='ltr'><strong>nisi</strong></span> <span class='ocrx_word' id='word_1_301' title='bbox 899 3806 994 3860; x_wconf 80' lang='lat' dir='ltr'><strong>crinin</strong></span> <span class='ocrx_word' id='word_1_302' title='bbox 1012 3804 1138 3874; x_wconf 85' lang='lat' dir='ltr'><strong>quamvis</strong></span> <span class='ocrx_word' id='word_1_303' title='bbox 1151 3802 1318 3859; x_wconf 83' lang='lat' dir='ltr'><strong>Archedemi</strong></span> <span class='ocrx_word' id='word_1_304' title='bbox 1335 3803 1455 3859; x_wconf 82' lang='lat' dir='ltr'><strong>lectione</strong></span> 
     </span>
     <span class='ocr_line' id='line_1_35' title="bbox 227 3889 1454 3966; baseline -0.004 -18"><span class='ocrx_word' id='word_1_305' title='bbox 227 3894 372 3963; x_wconf 80' lang='lat' dir='ltr'><strong>gloriatum</strong></span> <span class='ocrx_word' id='word_1_306' title='bbox 396 3895 514 3952; x_wconf 90' lang='lat' dir='ltr'><strong>ridiculo</strong></span> <span class='ocrx_word' id='word_1_307' title='bbox 537 3896 636 3950; x_wconf 86' lang='lat' dir='ltr'><strong>timore</strong></span> <span class='ocrx_word' id='word_1_308' title='bbox 653 3901 824 3966; x_wconf 88' lang='lat' dir='ltr'><strong>peremptum</strong></span> <span class='ocrx_word' id='word_1_309' title='bbox 848 3911 916 3952; x_wconf 86' lang='lat' dir='ltr'><strong>esse.</strong></span> <span class='ocrx_word' id='word_1_310' title='bbox 953 3894 1058 3964; x_wconf 73' lang='lat' dir='ltr'><strong>Quodsi</strong></span> <span class='ocrx_word' id='word_1_311' title='bbox 1078 3893 1187 3950; x_wconf 83' lang='lat' dir='ltr'><strong>Stoicos</strong></span> <span class='ocrx_word' id='word_1_312' title='bbox 1205 3892 1295 3948; x_wconf 73' lang='lat' dir='ltr'><strong>crinis</strong></span> <span class='ocrx_word' id='word_1_313' title='bbox 1316 3899 1370 3962; x_wconf 82' lang='lat' dir='ltr'><strong>est,</strong></span> <span class='ocrx_word' id='word_1_314' title='bbox 1389 3889 1454 3946; x_wconf 84' lang='lat' dir='ltr'><strong>nihil</strong></span> 
     </span>
     <span class='ocr_line' id='line_1_36' title="bbox 227 3980 1454 4056; baseline -0.002 -18"><span class='ocrx_word' id='word_1_315' title='bbox 227 3983 291 4038; x_wconf 88' lang='lat' dir='ltr'><strong>hinc</strong></span> <span class='ocrx_word' id='word_1_316' title='bbox 309 3985 433 4052; x_wconf 84' lang='lat' dir='ltr'><strong>seqnitur</strong></span> <span class='ocrx_word' id='word_1_317' title='bbox 455 3985 507 4040; x_wconf 91' lang='lat' dir='ltr'><strong>nisi</strong></span> <span class='ocrx_word' id='word_1_318' title='bbox 526 3994 589 4055; x_wconf 85' lang='lat' dir='ltr'><strong>post</strong></span> <span class='ocrx_word' id='word_1_319' title='bbox 606 3985 806 4042; x_wconf 77' lang='lat' dir='ltr'><strong>Archedemum</strong></span> <span class='ocrx_word' id='word_1_320' title='bbox 826 3986 862 4056; x_wconf 84' lang='lat' dir='ltr'><strong>[c.</strong></span> <span class='ocrx_word' id='word_1_321' title='bbox 883 3989 934 4042; x_wconf 84' lang='lat'><strong>140</strong></span> <span class='ocrx_word' id='word_1_322' title='bbox 951 4001 968 4042; x_wconf 83' lang='lat' dir='ltr'><strong>a</strong></span> <span class='ocrx_word' id='word_1_323' title='bbox 987 3984 1050 4040; x_wconf 86' lang='lat' dir='ltr'><strong>Ghr.</strong></span> <span class='ocrx_word' id='word_1_324' title='bbox 1070 3984 1103 4040; x_wconf 86' lang='lat' dir='ltr'><strong>ci.</strong></span> <span class='ocrx_word' id='word_1_325' title='bbox 1124 3983 1215 4040; x_wconf 84' lang='lat' dir='ltr'><strong>Zeller</strong></span> <span class='ocrx_word' id='word_1_326' title='bbox 1232 3980 1286 4037; x_wconf 75' lang='lat' dir='ltr'><strong>1v2</strong></span> <span class='ocrx_word' id='word_1_327' title='bbox 1304 3981 1354 4053; x_wconf 75' lang='lat'><strong>42]</strong></span> <span class='ocrx_word' id='word_1_328' title='bbox 1373 3981 1454 4036; x_wconf 82' lang='lat' dir='ltr'><strong>inisse</strong></span> 
     </span>
     <span class='ocr_line' id='line_1_37' title="bbox 228 4067 1453 4146; baseline -0.002 -20"><span class='ocrx_word' id='word_1_329' title='bbox 228 4071 315 4128; x_wconf 88' lang='lat' dir='ltr'><strong>illurn:</strong></span> <span class='ocrx_word' id='word_1_330' title='bbox 334 4073 362 4128; x_wconf 88' lang='lat' dir='ltr'><strong>id</strong></span> <span class='ocrx_word' id='word_1_331' title='bbox 381 4075 454 4142; x_wconf 89' lang='lat' dir='ltr'><strong>qnod</strong></span> <span class='ocrx_word' id='word_1_332' title='bbox 473 4091 549 4130; x_wconf 88' lang='lat' dir='ltr'><strong>meac</strong></span> <span class='ocrx_word' id='word_1_333' title='bbox 573 4077 726 4131; x_wconf 82' lang='lat' dir='ltr'><strong>sententiae</strong></span> <span class='ocrx_word' id='word_1_334' title='bbox 750 4091 833 4146; x_wconf 87' lang='lat' dir='ltr'><strong>supra</strong></span> <span class='ocrx_word' id='word_1_335' title='bbox 859 4075 998 4146; x_wconf 83' lang='lat' dir='ltr'><strong>expositae</strong></span> <span class='ocrx_word' id='word_1_336' title='bbox 1022 4073 1130 4145; x_wconf 73' lang='lat' dir='ltr'><strong>egregio</strong></span> <span class='ocrx_word' id='word_1_337' title='bbox 1154 4071 1292 4129; x_wconf 84' lang='lat' dir='ltr'><strong>convenit.</strong></span> <span class='ocrx_word' id='word_1_338' title='bbox 1312 4103 1348 4112; x_wconf 82' lang='lat'><strong>—</strong></span> <span class='ocrx_word' id='word_1_339' title='bbox 1367 4067 1453 4125; x_wconf 80' lang='lat' dir='ltr'><strong>Crisia</strong></span> 
     </span>
     <span class='ocr_line' id='line_1_38' title="bbox 228 4159 1409 4236; baseline 0.002 -19"><span class='ocrx_word' id='word_1_340' title='bbox 228 4168 290 4232; x_wconf 88' lang='lat' dir='ltr'><strong>post</strong></span> <span class='ocrx_word' id='word_1_341' title='bbox 309 4163 509 4219; x_wconf 77' lang='lat' dir='ltr'><strong>Archedemum</strong></span> <span class='ocrx_word' id='word_1_342' title='bbox 529 4164 565 4236; x_wconf 92' lang='lat' dir='ltr'><strong>[c.</strong></span> <span class='ocrx_word' id='word_1_343' title='bbox 586 4167 649 4234; x_wconf 79' lang='lat'>140]</span> <span class='ocrx_word' id='word_1_344' title='bbox 670 4171 700 4221; x_wconf 87' lang='lat' dir='ltr'><strong>et</strong></span> <span class='ocrx_word' id='word_1_345' title='bbox 717 4172 780 4222; x_wconf 82' lang='lat' dir='ltr'><strong>auto</strong></span> <span class='ocrx_word' id='word_1_346' title='bbox 799 4165 923 4220; x_wconf 85' lang='lat' dir='ltr'><strong>Dioclem</strong></span> <span class='ocrx_word' id='word_1_347' title='bbox 944 4165 981 4234; x_wconf 87' lang='lat' dir='ltr'><strong>[c.</strong></span> <span class='ocrx_word' id='word_1_348' title='bbox 1003 4166 1125 4220; x_wconf 78' lang='lat' dir='ltr'><strong>loo-lo</strong></span> <span class='ocrx_word' id='word_1_349' title='bbox 1143 4179 1167 4218; x_wconf 80' lang='lat' dir='ltr'><strong>a</strong></span> <span class='ocrx_word' id='word_1_350' title='bbox 1187 4162 1252 4218; x_wconf 79' lang='lat' dir='ltr'><strong>(ihr.</strong></span> <span class='ocrx_word' id='word_1_351' title='bbox 1271 4159 1310 4233; x_wconf 73' lang='lat' dir='ltr'><strong>n.]</strong></span> <span class='ocrx_word' id='word_1_352' title='bbox 1330 4163 1409 4220; x_wconf 77' lang='lat' dir='ltr'><strong>risit.</strong></span> 
     </span>
    </p>
   </div>
   <div class='ocr_carea' id='block_1_4' title="bbox 0 0 1516 4866">
    <p class='ocr_par' dir='ltr' id='par_1_7' title="bbox 0 0 1516 4866">
     <span class='ocr_line' id='line_1_39' title="bbox 0 0 1516 4866; baseline 0 0"><span class='ocrx_word' id='word_1_353' title='bbox 0 0 1516 4866; x_wconf 95' lang='lat' dir='ltr'><strong> </strong></span> 
     </span>
    </p>
   </div>
  </div>
 </body>
</html>
