3010 4866
1259 211 1299 274 21

161 381 211 444 Ad
236 382 413 464 Diogenem
437 389 593 446 revertor.
633 383 767 464 Semper
790 401 892 464 paene
916 381 1049 450 offendit
1071 385 1302 466 Epicureorum

72 489 311 554 successionum
334 489 532 554 diuturnitas
556 489 736 571 aDiogenc
752 491 940 572 praedicata
955 491 985 556 X
1002 495 1036 556 9:
1061 490 1080 575 ᾗ
1102 519 1137 558 ιι
1160 496 1301 581 οιαδοχη·

72 597 189 659 πασῶν
220 594 340 676 σχεδόν
367 595 568 662 ἐκλιπουσῶν
596 599 661 660 τῶν
683 595 794 662 ἄλλων
816 595 848 672 ἐς
870 593 924 662 ἀεὶ
946 598 1145 682 διαμένουσα
1167 603 1223 666 καλ
1248 627 1300 688 νη-

71 707 213 784 ρίθμους
246 699 351 784 ἀρχὰς
389 701 579 769 ἀπολύουσα
617 700 721 788 ἄλλην
758 701 794 782 ἐξ
832 703 931 788 ἄλλης
968 706 1034 772 τῶν
1071 707 1299 794 ννωρλμωνΝ).

71 808 247 886 Quominus
281 809 412 876 Laertio
447 810 543 876 iidem
576 810 766 891 habeamur,
801 812 991 880 Nietzscheo
1023 815 1129 880 indico
1165 816 1301 898 impedit

70 937 138 982 cum
163 919 357 984 altissimum
381 923 524 984 veterum
549 919 589 984 de
612 923 705 984 tanta
729 918 857 984 scholae
879 921 1100 1002 perpetuitate
1126 923 1298 1004 silentium,

70 1033 135 1091 tum
173 1027 289 1094 Suidas
323 1026 410 1092 ultra
443 1026 622 1108 Augustum
659 1026 892 1092 successionem
926 1045 989 1092 non
1024 1027 1194 1096 deducens.
1219 1047 1244 1095 s.
1268 1049 1296 1096 v.

63 1131 263 1220 Ἐπίκουρος.
311 1135 460 1201 Obiocuti
489 1139 565 1200 sont
587 1133 857 1200 Frendenthalius
879 1153 910 1216 p.
930 1135 995 1200 308
1018 1153 1049 1200 n.
1076 1141 1109 1201 et
1136 1136 1298 1214 Dielesius

69 1262 98 1324 p.
114 1245 182 1307 245
206 1261 237 1308 n.
284 1243 429 1325 hnpares
456 1243 618 1325 utrimque
647 1242 874 1322 auctoritatem
909 1243 1046 1324 imparia
1076 1243 1174 1308 etiam
1203 1263 1297 1326 argu·

69 1351 460 1417 mentationismomenta.
485 1349 661 1416 Audiamus
674 1349 898 1414 Numenium
914 1349 943 1414 N
950 1349 1295 1435 eoplatonicum²⁰).

69 1457 194 1523 heum
219 1458 481 1524 Academicorum
505 1458 749 1540 Stoicorumque
776 1457 969 1523 discordiam
997 1458 1165 1539 epicureae
1189 1463 1297 1524 sectae

70 1566 237 1630 consensui
261 1571 455 1648 opponeret,
485 1565 623 1630 dilucide
651 1565 868 1646 descripsit,
898 1569 935 1628 nt
961 1581 1021 1628 nec
1044 1562 1169 1630 Stoicos
1192 1583 1296 1647 neque

69 1669 244 1752 Epicureos
280 1673 419 1738 secundo
448 1677 523 1754 post
551 1671 624 1737 Chr.
655 1691 686 1736 n.
717 1671 845 1736 saeculo
874 1669 1062 1736 defloruisse
1097 1670 1295 1752 significaret

70 1785 164 1860 atque
199 1779 281 1843 adeo
312 1778 488 1861 Epicureos
522 1779 555 1844 in
590 1784 757 1860 postorum
792 1795 863 1843 csse
898 1778 1071 1842 duraturos
1105 1779 1295 1845 concordiae

70 1886 191 1951 vinculo
209 1887 354 1968 integros
371 1893 595 1968 auguraretur.
629 1885 707 1952 (lum
724 1886 784 1952 hoc
798 1886 917 1950 iudicio
931 1885 1048 1950 Suidae
1064 1885 1293 1968 testimonium,

69 1993 159 2058 modo
175 1993 386 2076 neglegenter
398 1995 613 2076 perscriptum
625 1993 785 2075 largiaris,
802 1991 1000 2058 conciliatur.
1032 1991 1144 2074 Neque
1160 1992 1244 2058 enim
1260 1993 1293 2058 in

70 2099 144 2180 ipsis
154 2101 354 2166 Athenarum
371 2100 508 2166 hortulis
524 2101 611 2166 ultra
622 2101 760 2182 Augusti
776 2104 903 2182 tempus
920 2099 1115 2165 domicilium
1131 2098 1294 2166 habehant

69 2349 221 2423 ἀπεδέχετο,
251 2352 316 2421 ηησλ
342 2343 461 2419 Διοκλῆς,
488 2349 539 2403 τῶν
567 2349 688 2422 ἀρχαίων
712 2347 903 2420 Ἀναξαγόραν.
943 2347 1036 2402 Vertit
1059 2347 1106 2402 Fr.
1135 2348 1290 2403 ‘maximam

67 2439 220 2510 dogmatum
248 2447 353 2510 partem
387 2455 447 2494 enm
474 2439 653 2509 Anaxagorae
672 2437 799 2494 debuisse
823 2435 909 2492 refert
937 2436 1064 2493 Diocles’.
1120 2437 1289 2494 vertendum

68 2537 136 2584 erat:
155 2531 286 2586 ‘maximo
306 2539 429 2586 veterum
447 2529 576 2598 probarit
594 2530 801 2597 Anaxagoram'.
838 2527 943 2596 Inquo
961 2527 1028 2596 quid
1051 2527 1087 2582 sit
1104 2527 1227 2596 Epicuro
1247 2527 1288 2582 in·

67 2619 183 2688 dignum,
207 2637 263 2676 non
288 2621 376 2678 video.
396 2653 429 2662 -
456 2622 548 2676 Etiam
567 2620 741 2676 Democritus
765 2618 812 2690 [cl.
832 2619 943 2674 Sextum
962 2616 1132 2686 Empiricum
1151 2615 1204 2670 Vll
1225 2615 1288 2688 140]

66 2709 243 2779 unxngorac
267 2710 341 2766 laudi
367 2711 464 2780 vertit,
490 2711 563 2780 quod
583 2725 709 2766 sensuum
733 2725 812 2764 sensa
830 2708 865 2762 ad
884 2723 916 2763 ea
935 2722 1003 2775 quae
1024 2705 1178 2776 cognitione
1197 2705 1286 2774 perci-

65 2797 175 2864 piuntur
209 2799 280 2853 riam
314 2802 421 2871 aperire
455 2801 597 2858 contendit
621 2799 669 2871 [ci.
696 2799 810 2854 Hirzelii
834 2795 1090 2865 ‘Untersuchungcn
1117 2811 1151 2849 au
1176 2793 1287 2850 Ciceros

65 2886 159 2954 philos.
177 2889 314 2944 schrilten
331 2907 358 2960 p.
381 2895 427 2947 141
450 2891 528 2962 sqq.].

133 2976 170 3048 ¹⁹)
187 2978 335 3048 Nunquam
353 2981 391 3036 de
411 2995 445 3036 aa
463 2981 538 3050 ipso
557 2995 660 3040 suove
680 2985 833 3048 tempora
852 2974 1097 3032 Laertinnrinrani
1116 2973 1285 3028 mendacem:

65 3065 243 3124 doctrinae
262 3071 379 3139 speciem
398 3070 524 3125 ementiri
543 3069 619 3125 solet.
665 3069 718 3124 Vel
736 3070 805 3124 haec
822 3068 948 3124 minuunt
969 3063 1197 3120 Nictzachaanam
1226 3061 1284 3132 opi·

65 3156 197 3212 nationem
215 3165 299 3228 atque
318 3160 386 3216 adeo
405 3159 571 3215 convellunt.

131 3245 168 3318 ²⁰)
185 3250 247 3318 rupi
270 3251 314 3316 τῆς
336 3247 389 3304 τῶν
410 3249 616 3322 Ἀκαδημαϊκῶν
639 3250 707 3321 πρὸς
731 3248 866 3304 Πλάτωνα
890 3245 1054 3306 ιλιαστόσεως
1076 3243 1118 3298 ed·
1143 3241 1284 3311 Thedingtt

66 3333 181 3402 [Bonnae
202 3339 283 3408 1875]
302 3355 328 3407 p.
350 3341 392 3410 29,
411 3342 427 3396 3
447 3355 518 3408 sqq:
538 3336 633 3410 ὖπῆρξέ
652 3360 677 3394 τε
690 3342 718 3394 ἐκ
731 3341 777 3395 τοῦ
796 3339 838 3393 ἐπὶ
851 3342 974 3392 πλεῖστον
987 3341 1042 3396 τοῖς
1054 3337 1192 3406 μετέπειτα
1207 3332 1282 3385 Ἔπι-

64 3431 187 3492 ῑθΰρὲὶθκ
210 3427 276 3498 μηδ’
299 3425 389 3490 αότοῖς
413 3433 495 3484 εἰπεῖν
518 3449 561 3484 πω
580 3435 701 3484 ἐναντίον
726 3429 792 3500 [οὔτ’
817 3425 936 3495 ἀλληλοις
959 3424 1011 3480 οὔτ’
1032 3419 1184 3492 Ἐπικούρῳ
1205 3419 1283 3474 uncis

65 3507 169 3566 inclusit
192 3513 430 3588 Wilamowitzius]
459 3521 544 3592 μηδὲν
571 3524 608 3580 εἰς
636 3523 731 3592 μηδέν,
760 3517 821 3574 ὅτου
848 3518 893 3572 καλ
920 3516 1075 3588 μνησθῆναι
1099 3511 1186 3572 ἄξιον·
1224 3507 1281 3562 ἀλλ’

64 3599 131 3652 ἔστιν
151 3601 242 3665 αυτοῖς
266 3607 459 3680 παρανόμημα,
484 3610 588 3680 μᾶλλον
611 3609 641 3662 δ’
666 3607 794 3681 ἀσέβημα,
819 3610 864 3662 καλ
883 3609 1064 3676 κατέγνωσται
1084 3601 1280 3673 [προκατέγνω-

65 3705 120 3742 οται
138 3692 203 3746 coni.
217 3693 454 3766 Wilanonitziua]
474 3699 504 3753 τό
522 3703 731 3772 καινοτομηθέν·
754 3699 800 3753 dcci
819 3698 896 3752 τοῦτο
912 3693 1001 3756 οὐδεὶς
1019 3693 1082 3748 οὐδὲ
1100 3689 1194 3762 τολμᾷ,
1213 3687 1279 3742 κατὰ

64 3779 156 3844 πολλὴν
173 3783 202 3836 dt
220 3781 325 3852 ελρηνην
343 3785 433 3850 αὐτοῖς
451 3787 542 3861 ἠρεμεῖ
560 3789 592 3842 ττλ
617 3787 742 3862 δόγματα
761 3785 812 3843 ὑπό
832 3789 877 3854 τῆς
901 3791 930 3840 ἐν
953 3783 1070 3850 ἀλληλοις
1088 3783 1192 3836 ἀείσατε
1212 3799 1279 3850 συμ-

65 3873 171 3933 ’1ωνᾶτς·
194 3875 260 3927 ἔοικέ
279 3893 305 3928 τε
324 3871 511 3950 ἦἘπικοόρου
530 3880 653 3950 διατριβὴ
672 3883 789 3950 πολιτελρ
813 3878 865 3932 τινλ
889 3874 983 3942 ἀληθεῖ
1007 3869 1204 3942 ἀστασιαστότγ,
1224 3888 1279 3922 κοι-

64 3955 109 4008 νόν
126 3958 168 4011 iro
189 3959 253 4015 νοῖιν
270 3969 341 4034 μίαν
363 3964 475 4038 γνώμην
498 3967 600 4041 λχοόση,
618 3969 667 4039 ἀφ’
686 3962 714 4035 ἧς
733 3964 801 4036 ἦσαν
823 3972 870 4022 κατ’
888 3971 939 4022 εἶσι
957 3964 1002 4020 καλ
1021 3960 1057 4023 τός
1073 3967 1157 4018 ἔοικεν
1175 3964 1279 4016 ἔσονται

65 4046 255 4113 qumanan-
278 4051 294 4122 ξ
312 4056 329 4108 4
348 4054 380 4108 ττλ
399 4057 428 4109 σε’
447 4057 500 4111 τῶν
517 4060 638 4112 crataeis·
656 4060 833 4125 lancinator,
851 4055 990 4130 ἀρξάμενα
1009 4052 1061 4108 ἀπὸ
1074 4052 1127 4106 τῶν
1139 4047 1278 4122 ἀρχόντων

64 4136 105 4187 κατ’
121 4141 227 4206 μηδέπω
245 4139 403 4198 τελευτῶντα
421 4147 476 4200 καλ
495 4147 554 4201 νῦν
572 4152 625 4202 κτλ.
