3010 4866
1238 223 1276 286 91

895 403 898 482 y
981 399 1109 454 caesus
1127 397 1201 452 vm.

68 527 99 572 eu
118 509 209 574 uerbo
230 507 385 575 detractis
404 506 526 591 pinnis
545 507 639 574 entra
654 528 794 574 murum
809 529 883 573 con
1195 508 1214 590 ἓ
1240 509 1280 572 10

68 613 205 680 dentium
219 614 372 681 mum
387 622 540 702 premere
556 665 564 680 .
578 665 586 680 .
600 665 608 681 .
625 615 705 680 Non
725 613 765 679 e'n
779 621 883 680 toturn

68 740 173 786 neuun
195 728 306 788 mmm
327 743 433 787 uocem
455 722 681 788 desuescedant
701 742 758 787 nec
772 743 884 788 omnes

65 827 140 912 pnn'
156 835 297 916 tempore
318 828 473 915 elingues
493 829 698 915 magistrum
721 830 883 894 rectumn-

68 938 128 1008 lur,
143 937 200 1002 sed
213 935 436 1024 graurbrr'dus
458 935 546 1002 ue'ris
568 935 661 1001 breui
673 935 780 1023 apaten
799 935 883 1002 uates

68 1039 884 1130 mdebaturtcce'lurm'tosmodficatarloquuee'ores

68 1147 221 1215 monuero
251 1149 370 1234 ferme
408 1149 447 1214 e'n
483 1149 757 1238 quinquennium
793 1151 886 1216 velut

68 1253 177 1320 exsr'lio
197 1255 286 1322 noces
302 1256 553 1342 puniebantur.

148 1361 205 1428 Oui
232 1363 332 1429 dmm
368 1363 526 1446 surripuit
553 1363 698 1430 Platonis
733 1364 869 1430 eundem
904 1363 944 1428 de
973 1362 1158 1446 Pythagora
1186 1363 1280 1428 docte

70 1469 268 1537 disserentem
297 1471 452 1554 expilavit
479 1490 541 1537 noo
570 1472 639 1536 sine
670 1471 859 1538 erudibionis
887 1472 1004 1553 speeie.
1052 1471 1086 1536 Si
1116 1471 1166 1534 cui
1195 1488 1283 1535 seru-

72 1576 154 1656 pulus
177 1579 217 1644 de
240 1578 419 1659 nonnullis,
443 1579 594 1661 quoniam
617 1579 735 1644 desunt
756 1577 789 1643 in
812 1577 958 1657 Laenio,
983 1576 1131 1642 residuus
1154 1577 1182 1640 is
1204 1575 1282 1640 Por-

70 1683 162 1766 phyrii
185 1685 285 1752 vitem
308 1686 513 1770 Pythagorae
543 1705 581 1752 eo
609 1686 766 1752 attentius
795 1685 973 1768 perlustret
1001 1683 1143 1748 indidem
1167 1683 1282 1748 deduc-

70 1794 140 1856 tam:
163 1793 207 1858 ibi
231 1794 317 1858 euim
340 1793 466 1876 reliqua
481 1812 584 1876 paene
600 1795 708 1860 omnia
724 1793 954 1876 deprehendet,
978 1809 1061 1874 quae
1079 1797 1176 1856 antea
1199 1809 1282 1856 com-

72 1897 225 1965 moditatis
248 1901 356 1983 gratia
378 1905 593 1966 enodaverunt.
1110 1918 1115 1927 ·

422 2182 450 2223 c.
473 2165 518 2221 lie
536 2165 710 2237 Porphyrio
729 2165 762 2220 nt
780 2165 918 2222 Laertio.

147 2311 254 2376 Pauca
289 2315 365 2376 suut
398 2327 482 2394 quae
516 2309 555 2376 de
590 2310 778 2393 biographis
813 2310 939 2391 graems
973 2309 1150 2374 miuoribus
1185 2309 1285 2392 probe

72 2419 216 2495 praestita
240 2419 307 2484 sint
329 2423 363 2482 et
386 2417 427 2482 ad
450 2417 607 2500 liquidum
629 2417 794 2501 perducta.
834 2417 923 2482 Inter
939 2435 1022 2499 quae
1045 2419 1226 2500 praeminet
1247 2417 1284 2482 Ε.

71 2519 182 2590 Rohdei
211 2526 262 2591 ‘de
285 2524 452 2590 Iamblichi
481 2525 549 2591 vita
572 2524 784 2608 Pythagorae'
816 2525 1042 2590 commentatio
1074 2523 1167 2608 [mus.
1193 2525 1283 2590 rheu.

71 2627 165 2697 XXVI
188 2629 305 2720 [1871]
328 2650 359 2714 p.
386 2631 450 2695 554
474 2649 542 2716 sqq.
591 2630 718 2698 Grieeh.
749 2649 860 2697 roman
884 2651 915 2714 p.
941 2632 1005 2696 253
1029 2650 1059 2696 n.
1086 2631 1130 2716 2].
1170 2631 1285 2714 Digre-

72 2735 209 2804 dieudum
225 2738 359 2806 Rohdeo
384 2744 455 2806 erat
478 2738 519 2805 ad
542 2737 765 2824 Porphyrium,
795 2745 832 2804 ut
855 2741 1128 2806 internosceretur
1155 2757 1287 2822 excerp·

73 2845 166 2911 torum
190 2846 372 2926 diversitas,
397 2864 480 2929 quaa
502 2846 697 2914 lamblichus
720 2848 802 2912 satis
825 2846 940 2914 hebuit
961 2848 1047 2914 inter
1070 2847 1285 2914 saadsuisse.

75 2947 289 3018 Nicomachum
323 2957 358 3018 et
385 2953 562 3036 Diogenem
590 2953 628 3018 ἐν
660 2965 727 3028 τοῖς
760 2953 834 3038 περὶ
861 2951 991 3040 evene
1025 2949 1287 3028 internecuno

75 3057 188 3124 omitto:
213 3059 346 3125 tertium
370 3077 465 3142 quem
488 3059 545 3124 ille
567 3059 691 3124 detexIt
713 3059 834 3125 iontem
858 3079 1043 3144 persequor.
1084 3059 1215 3124 Erravit
1238 3065 1286 3124 ta-

74 3181 137 3230 men
151 3167 311 3248 Rohdeus,
336 3185 406 3232 cum
423 3167 653 3250 Antiphontem
676 3167 747 3252 περὶ
770 3175 835 3232 τῶν
858 3167 895 3231 dv
913 3163 1007 3256 ἀρετῇ
1032 3163 1286 3253 πρωτευσάντων

76 3271 194 3339 subesse
222 3275 397 3340 coniceret:
426 3273 618 3340 Favorinum
648 3293 708 3356 ego
736 3293 859 3340 conseo.
907 3273 978 3340 Huc
1006 3273 1183 3340 trahendae
1211 3278 1287 3338 suut

44 3364 52 3384 ⁸
77 3377 200 3463 §1-e‚
226 3385 323 3461 r-a
351 3382 490 3462 15-19,
516 3383 558 3446 35
582 3381 665 3448 meo.
689 3382 788 3463 -43‚
813 3365 955 3461 lev-'ra
981 3381 1122 3461 54—57,
1147 3381 1182 3445 3:

270 3485 449 3554 Porphyrius,
469 3485 527 3542 uita
544 3486 625 3556 Pyth.
845 3485 849 3574 l
935 3484 1063 3540 Laertius
1082 3484 1158 3552 VIII,
1181 3487 1202 3540 1.

78 3609 93 3689 ἓ
114 3615 128 3675 1
151 3614 183 3680 Ρ.
209 3615 335 3681 Samius
359 3614 426 3680 siue
451 3613 562 3696 Syrius
587 3610 780 3700 [Neanthes]
861 3614 921 3696 §h
947 3613 1110 3698 [Clemens
1122 3613 1227 3694 p.129
1239 3611 1285 3695 S.]

209 3720 338 3787 Samum
361 3721 519 3786 adeamus
543 3717 736 3808 [Neanthes]

208 3827 373 3893 Institutio
397 3827 483 3910 apud
507 3826 616 3908 Syrios
640 3821 832 3914 [Neanthes]

396 3923 834 4023 apudPherecydemetIIer-
901 3989 963 4070 Μ

394 4036 833 4128 modamantsm[Neauthes]
966 4038 973 4052 ’

80 4139 141 4219 §h
209 4145 391 4228 Tyrrhenus
414 4151 493 4212 natu
518 4144 710 4235 [Neanthes]
815 4140 818 4148 ’
862 4143 1249 4234 §1[Aristoxeuusl.
