3016 4858
227 221 290 286 154

225 399 366 480 sensisti,
390 395 1296 481 eandempertutnmbarumlitterarnmmarespirare
1319 411 1448 460 mam:

224 526 334 574 verum
357 525 421 574 non
436 506 615 572 Favorinus
629 505 683 571 hic
705 511 756 571 est
778 522 882 587 neque
897 504 1028 570 omnino
1042 521 1126 570 unus
1147 502 1254 584 bom
1277 503 1335 568 sed
1357 503 1450 569 sebo-

224 615 360 682 laetieae
382 614 596 681 institutimis
618 611 826 692 consumto,
850 629 934 694 qnae
956 629 1059 695 usqne
1080 611 1125 676 ad
1146 612 1292 677 maria
1312 611 1451 678 Alexan·

224 722 337 788 drinae
360 721 489 788 scholae
511 739 571 788 nos
593 720 728 786 reducit.
767 737 899 803 possmn
922 719 1042 784 munilia
1063 737 1104 784 ex
1128 717 1305 784 lexieornm
1326 719 1450 802 glossa·

224 849 358 913 rumqne
381 831 560 912 propagine
582 829 743 912 persequi
777 846 853 893 nam
875 827 922 894 ibi
945 845 1073 910 quoque
1092 826 1207 910 regula
1220 825 1301 892 baec
1315 833 1449 909 regunt:

223 938 318 1005 nobis
341 937 430 1004 lacus
446 937 576 1020 qnidam
596 953 634 1002 ae
648 935 825 1001 semirutae
847 952 951 1017 aquae
973 933 1163 1017 plerumque
1177 939 1328 1016 prostant
1349 934 1449 1000 solae

224 1045 345 1112 rivulos
373 1061 485 1110 omnes
513 1049 548 1109 et
569 1043 699 1109 canales
722 1041 865 1108 indicare
888 1041 1058 1124 nequimus
1079 1057 1165 1106 nunc
1186 1045 1285 1122 emto,
1309 1039 1450 1108 fortasse

226 1169 367 1235 semper:
399 1159 434 1218 at
461 1151 593 1234 benigni
616 1151 649 1216 di
673 1167 861 1216 concessere
883 1153 922 1214 nt
942 1148 985 1214 ad
1008 1153 1107 1230 caput
1127 1147 1237 1228 buda
1259 1147 1303 1213 ad
1325 1149 1452 1214 Aristo·

225 1259 350 1343 phanes
373 1265 408 1324 et
429 1259 658 1343 Apollodoros‚
683 1258 724 1324 ad
747 1257 881 1340 Satyros
904 1261 939 1322 et
959 1255 1156 1338 Hermippus
1183 1255 1313 1322 essendi
1336 1257 1450 1339 possit,

225 1368 292 1432 sive
330 1367 446 1448 mavis,
494 1367 630 1446 evolari3
676 1365 837 1448 gradatim
873 1363 974 1446 pedes
1016 1361 1163 1446 prolerre
1203 1381 1269 1428 non
1310 1363 1452 1446 amplius

225 1475 312 1542 licet.
366 1473 505 1540 fortasse
535 1473 644 1556 paullo
672 1473 840 1539 obscurius
862 1471 990 1536 locutus
1013 1489 1084 1536 sum
1106 1469 1195 1550 aliis,
1223 1469 1282 1536 sed
1303 1475 1342 1535 tu
1364 1475 1452 1536 oerte

226 1581 306 1665 quid
328 1581 425 1647 velim
453 1581 625 1663 intellegis.
676 1580 760 1646 dabo
788 1583 898 1645 autem
925 1597 965 1644 ex
989 1579 1062 1660 ipsu
1084 1577 1231 1660 Diogene
1258 1577 1451 1660 exemplum

226 1687 370 1753 Timonis
392 1687 493 1752 vitum
508 1687 670 1770 Diogenes
693 1705 712 1754 e
734 1687 843 1752 nescio
866 1687 957 1752 onius
979 1685 1113 1768 sceptici
1135 1685 1220 1751 libro
1242 1686 1385 1768 sumpsit
1399 1685 1453 1766 qni

225 1794 436 1878 biograpbioe
458 1799 493 1859 et
515 1793 754 1877 doxograpluioe
776 1793 1000 1876 coniungebat
1038 1791 1097 1858 sed
1112 1791 1247 1874 sceptici
1267 1791 1360 1858 illius
1382 1791 1453 1857 lons

225 1904 293 1968 vita
315 1907 388 1968 erat
403 1919 499 1984 quem
514 1901 724 1984 Apollonides
740 1902 928 1968 Nicaeensis
943 1900 1096 1968 Sillornm
1111 1901 1344 1966 oommentario
1359 1917 1453 1984 prae·

225 2011 368 2076 miseret.
415 2007 462 2073 lx
481 2010 543 2074 109
560 2003 800 2094 Ἀπολλωνίδης
821 2005 841 2074 ὅ
860 2011 1002 2084 Νικαεύς
1025 2005 1044 2074 ὁ
1066 2009 1145 2094 παρ’
1162 2005 1255 2093 §pair
1276 2007 1312 2092 (i.
1328 2027 1359 2074 e.
1375 2008 1452 2073 item

227 2117 401 2200 scepticae)
424 2115 461 2180 dv
490 2119 535 2202 τῷ
561 2113 677 2202 πράῳ
703 2119 770 2182 teir
796 2118 842 2192 εἰς
866 2113 941 2192 τούς
962 2115 1093 2191 σίλλους
1113 2111 1367 2202 dompmea-v.
1415 2133 1453 2180 ex

225 2242 265 2289 eo
288 2224 417 2305 integro
436 2223 505 2288 vita
524 2222 654 2304 pendet,
678 2227 778 2306 atque
800 2223 851 2288 sel
869 2227 1094 2306 argumentum
1110 2221 1262 2290 Sillormn
1284 2229 1452 2306 reoeptuun

224 2335 284 2395 est.
322 2331 393 2411 ipse
417 2347 493 2396 vero
509 2329 719 2412 Apollonides
735 2347 794 2395 sua
816 2335 944 2395 tantm
966 2346 1031 2395 non
1047 2327 1155 2394 omnis
1177 2329 1317 2412 sumpsit
1339 2347 1382 2395 ex
1397 2328 1452 2396 So-

224 2437 322 2502 tionis
345 2435 512 2504 diadocbis
539 2443 574 2501 et
595 2436 750 2520 Antigoni
774 2436 914 2520 Carystii
941 2437 1010 2502 uita
1032 2437 1176 2504 'limonis
1196 2473 1243 2484 -
1271 2437 1450 2520 ridesque

224 2543 319 2610 modo
334 2543 474 2608 vilarum
490 2559 627 2624 corpora
648 2549 684 2608 et
705 2543 952 2610 scholiastarum
968 2561 1065 2610 curae
1088 2545 1174 2610 inter
1189 2561 1225 2611 se
1245 2543 1449 2611 cohaereant

226 2649 322 2717 ered0
351 2651 452 2732 igitur
480 2667 551 2715 eam
579 2649 762 2732 inquirendi
784 2651 879 2731 viam
910 2669 1007 2735 qnam
1030 2651 1107 2718 olim
1129 2653 1323 2734 monstrari,
1352 2653 1450 2720 etiam

227 2758 269 2824 ad
292 2756 502 2840 philosophos
525 2761 599 2822 tuos
621 2755 738 2822 lacere.

315 2864 378 2930 Sed
401 2882 479 2930 sane
501 2883 566 2929 non
590 2862 873 2946 subterfugiendus
898 2864 992 2930 labor
1019 2865 1075 2947 qni
1098 2881 1120 2930 a
1141 2865 1342 2948 singulorum
1369 2883 1450 2932 oom-

225 2973 399 3054 pilatorum
426 2971 571 3038 moribus
602 2977 637 3037 et
663 2971 948 3038 consuetudinibus
973 2971 1201 3056 perquirendis
1229 2975 1351 3040 sensim
1380 2991 1449 3057 pro

225 3079 320 3145 cedit.
360 3085 458 3160 atque
481 3079 633 3161 quoniam
656 3079 834 3161 Diogenem
856 3081 1061 3162 potissimum
1083 3085 1275 3162 amamus,
1300 3085 1366 3148 etsi
1388 3081 1449 3148 ian

224 3205 324 3268 supra
345 3186 502 3267 imparem
525 3205 577 3252 me
596 3203 668 3252 esse
691 3187 754 3253 toti
777 3187 867 3269 operi
885 3188 981 3268 edixi,
1005 3205 1076 3254 ere
1098 3193 1209 3254 tamen
1230 3187 1339 3254 iudico
1356 3204 1448 3272 quam

225 3311 356 3376 possum
379 3291 565 3374 plenissime
593 3311 649 3359 eos
672 3311 862 3360 enumerare
886 3296 1075 3377 scriptores,
1105 3313 1186 3377 qnos
1208 3294 1297 3362 telae
1324 3295 1448 3362 alienae

225 3399 318 3482 qnasi
341 3399 524 3466 subtemina
541 3401 679 3466 inseruit
693 3401 864 3483 Diogenes.
900 3419 965 3484 qua
979 3401 1013 3466 in
1029 3403 1220 3484 quaestione
1232 3401 1449 3486 promovenda

225 3506 428 3574 Bahnsuhius
451 3507 653 3588 potissimum
675 3507 871 3574 laudabilem
894 3527 1026 3591 operam
1049 3508 1237 3576 conlocavit
1272 3511 1449 3594 principem

224 3614 311 3680 inter
333 3613 394 3680 hos
420 3613 525 3680 locum
554 3619 646 3682 tenet
667 3615 855 3698 Favorinus,
880 3616 1006 3699 dequo
1030 3615 1152 3682 dictum
1180 3620 1245 3696 est3
1276 3617 1447 3684 secundnm

225 3719 392 3787 DIOCLIS
414 3719 572 3806 ἐπιδρομή
596 3719 796 3809 φιλοσόφον,
826 3728 924 3805 atque
952 3741 1028 3790 vere
1049 3723 1204 3791 monuisti
1226 3723 1341 3792 deesse
1365 3720 1448 3808 apud

226 3985 390 4042 simillimum
422 3985 523 4054 videri,
555 3987 664 4042 Aelium
691 3985 853 4056 Dionysium
884 3985 1003 4056 catalogi
1035 3986 1195 4056 amplissimi
1222 3993 1365 4046 meterem
1391 4002 1446 4044 eme

225 4076 270 4146 (cl.
289 4093 316 4145 p.
334 4079 369 4131 44
387 4075 474 4131 libelli
492 4075 552 4144 tuit
588 4091 604 4131 a
623 4075 734 4145 sibyllis
751 4076 787 4132 de
804 4075 922 4146 Orpheis
940 4075 1071 4132 iudicium
1089 4075 1200 4147 pendet,
1223 4077 1271 4146 qni
1292 4077 1361 4134 item
1378 4075 1447 4147 apud

226 4165 393 4221 Clementem
409 4169 439 4221 et
456 4163 623 4236 Hesychium
640 4171 713 4222 sunt.
