3016 4858
239 211 303 274 114

235 385 289 470 [ct
304 387 395 452 Diels
410 407 442 469 p.
460 386 547 471 153)
580 386 703 466 Quibus
718 385 976 452 adnumerandus
993 391 1045 450 cst
1059 383 1243 449 Demetrius
1260 377 1448 466 Magnes¹¹⁶J

236 491 319 576 [sire
352 494 577 578 Antisthenes]
612 501 647 558 et
680 490 934 577 Sosicrates¹¹⁷).
991 493 1128 558 Omnino
1166 490 1341 556 similitudo
1373 490 1448 553 inter

235 599 400 666 laertium
423 607 458 666 et
479 601 690 682 Hippolytum
713 607 806 666 unta
828 601 1017 678 intercedit,
1051 605 1089 664 nt
1116 598 1317 664 alteralteri
1341 596 1451 662 serviat

234 706 460 788 intellegendo.
514 708 611 772 l'clut
645 709 767 774 dictum
795 707 939 772 Thaletis
967 691 1173 772 hominunm
1207 709 1238 768 τί
1273 703 1311 768 τὸ
1348 709 1453 774 daton

232 811 269 877 τὸ
296 811 374 897 μήτε
402 811 508 898 ἀρχὴν
535 814 611 896 ἔχον
641 813 723 898 μήτε
751 811 900 897 τελευτήν
922 813 975 897 [cl.
1002 813 1159 878 Clemens,
1183 812 1272 876 Alea
1297 817 1406 876 strom.
1429 807 1451 870 l'

231 939 264 1002 p.
281 923 345 984 257
370 921 533 1005 Sylhnrg.]
556 921 598 985 ah
619 921 797 1003 Hippolyto
820 922 861 986 ad
890 921 1011 1003 placita
1038 921 1086 986 ita
1115 919 1298 984 traductum
1328 923 1393 997 est,
1422 920 1452 978 ut

231 1033 339 1093 umen
369 1029 530 1110 polluceat
559 1028 844 1110 apophthegmatis
871 1028 973 1094 torma
1001 1027 1086 1090 θεὸν
1111 1023 1171 1092 οὖν
1197 1029 1282 1090 εἶναι
1311 1023 1401 1108 [ἔφη]
1424 1019 1453 1084 ri

230 1131 308 1218 μήτε
330 1129 431 1218 ἇρχὴν
451 1134 531 1220 μήτε
554 1136 705 1220 relectis
727 1135 812 1216 ἔχον.
852 1135 1056 1218 Biographus
1080 1135 1200 1198 Laerlii
1225 1133 1309 1196 illem
1333 1132 1452 1195 videtur

231 1260 270 1306 ac
283 1241 469 1323 Hippolyti3
494 1247 583 1308 certe
599 1242 654 1324 qni
671 1261 710 1306 ex
726 1243 913 1308 auctoribus
929 1243 995 1308 ile
1010 1242 1188 1306 omnihus
1202 1239 1298 1305 simul
1314 1239 1450 1302 hauriret

232 1367 296 1412 non
320 1349 462 1414 innotuit
484 1349 577 1414 alter.

608 1632 633 1688 t.
651 1633 696 1686 lle
716 1631 866 1701 nesyehto
885 1633 918 1686 et
936 1631 1074 1688 Laertio.

318 1775 458 1856 Egregie
482 1773 693 1840 Nietmcheus
717 1773 811 1858 [mus.
836 1774 926 1841 rhen.
947 1775 1052 1839 xxlv
1076 1773 1193 1858 (1869)
1215 1793 1247 1855 p.
1266 1769 1447 1850 llo-225]

230 1880 465 1948 demonstrarit
486 1881 681 1963 Hesychinm
703 1901 769 1948 non
791 1883 863 1964 ipso
887 1881 1018 1946 Lacrtm
1041 1881 1098 1946 sed
1122 1880 1211 1946 fonte
1235 1881 1304 1960 eins
1327 1879 1447 1960 biogra-

229 1986 324 2068 phico
352 2005 424 2052 esse
456 1983 626 2068 usum¹¹⁸).
679 1988 895 2054 Nihilominus
922 1989 1106 2070 nuperrime
1136 1987 1287 2052 itachius
1322 1987 1446 2070 [²unter·

228 2091 413 2174 snchnngen
429 2113 469 2158 zu
485 2093 601 2158 Suidas
617 2095 682 2158 und
698 2095 842 2160 Eudocia
860 2097 944 2158 1879
961 2114 991 2175 p.
1010 2097 1053 2159 50
1076 2093 1160 2177 squ]
1177 2094 1301 2158 recoxit
1316 2093 1445 2157 vetulam

229 2203 263 2262 et
296 2217 400 2280 paene
435 2201 626 2266 exstinctam
661 2219 772 2266 eorum
807 2202 1020 2282 suspicionem
1055 2201 1110 2282 qui
1146 2199 1309 2264 laertium
1349 2201 1444 2280 ipsine

231 2305 444 2386 Hesychianis
479 2306 611 2370 subesse
646 2307 722 2371 vitis
754 2313 879 2388 putant

321 2415 348 2476 l.
373 2411 451 2476 Inde
468 2413 647 2478 exeundum
662 2413 813 2478 Flachius
834 2419 953 2494 censet,
978 2413 1064 2496 qued
1080 2412 1201 2478 frustra
1218 2414 1280 2477 ianr
1298 2409 1443 2493 Tanaquil
1486 2391 1487 2406 ¹

228 2517 334 2582 Faber
363 2520 510 2584 mutilum
540 2520 661 2584 Laertii
691 2521 732 2584 ad
761 2539 821 2586 nos
856 2523 1040 2603 pervenisse
1071 2521 1234 2602 exemplar
1263 2521 1442 2585 coniecerat.

228 2624 319 2702 Quod
349 2625 377 2690 si
408 2631 495 2690 esset
522 2645 649 2706 verum,
677 2633 840 2708 possent
873 2647 913 2692 ex
943 2627 1087 2710 pleniore
1116 2627 1239 2692 Laertii
1267 2626 1442 2691 recensione
1485 2661 1486 2702 5

226 2731 490 2814 philosophorum
514 2733 601 2800 vitae
616 2734 840 2820 Hesychianae
859 2736 973 2816 repeti.
1014 2735 1124 2800 Fidem
1140 2735 1241 2816 igitur
1257 2733 1442 2816 opinationis

226 2837 420 2906 Flachinnae
435 2841 664 2922 ponderemus:
682 2842 900 2922 opinationem
916 2843 987 2908 dico
1003 2861 1066 2906 non
1082 2841 1315 2923 probationem.
1363 2837 1442 2904 ‘Deis

227 2943 389 3026 Diogenes
406 2947 632 3030 ursprltnglich
647 2949 880 3032 vollstanoiger
896 2967 1052 3031 genesen,
1076 2949 1235 3014 beweisen
1259 2948 1311 3014 dle
1335 2943 1441 3012 artikel

226 3051 271 3118 im
304 3052 498 3134 violacium,
537 3053 594 3120 aui
629 3055 682 3120 die
715 3055 887 3122 Nietzsohe
924 3055 1020 3122 hcine
1054 3055 1219 3120 richsicht
1253 3073 1440 3136 genommen,

226 3158 403 3229 besonders
426 3161 484 3226 der
507 3161 587 3226 lther
603 3161 822 3243 Antisthenes,
846 3161 925 3226 aber
944 3162 1026 3228 auch
1041 3162 1094 3228 die
1113 3161 1214 3227 hriele
1238 3161 1297 3226 des
1312 3159 1439 3243 Epicur'.

304 3387 356 3458 ¹¹⁶)
426 3387 592 3458 hippolytus
609 3406 637 3459 p.
655 3393 708 3446 565
728 3389 813 3444 Diels.
958 3391 962 3476 l
1109 3389 1239 3444 Laertius
1257 3389 1305 3443 IX·

284 3515 445 3586 Δημόκριτος
467 3521 647 3586 Δαμασίππου
667 3515 818 3586 Ἀβδηρίτης
843 3520 949 3578 πολλοῖς
973 3515 1172 3568 Demetrius
1191 3515 1305 3582 Magnes
1328 3521 1356 3568 ln·
1378 3513 1438 3584 ὁμο·

228 3603 373 3676 συμβαλὼν
390 3610 621 3675 γομνοσοφιστοῖς
639 3609 667 3658 ἐν
683 3603 782 3665 Ἰνδοῖς
800 3607 847 3658 καὶ
865 3606 947 3674 leperi-
973 3603 1068 3675 νόμοις

228 3711 272 3746 σιν
290 3696 318 3746 ἐν
338 3691 466 3763 Αἰγύπτῳ
489 3693 536 3745 xci
557 3691 731 3765 ἀστρολόγοις
749 3697 795 3748 καὶ
814 3699 842 3748 lv
860 3701 947 3763 Repe·
971 3699 1000 3746 et
1013 3691 1239 3746 Antisthenes
1255 3696 1284 3746 lv
1303 3693 1437 3764 διαδοχαῖς·

228 3779 293 3836 λῶνο
311 3779 418 3852 μάγοις.

302 3865 351 3937 117)
371 3872 474 3940 ἐγένετο
493 3869 523 3922 δὲ
543 3867 667 3940 [Thales]
686 3870 753 3925 κατὰ
773 3876 901 3942 Κροῖσον.
972 3868 1173 3924 Sosicrctes.
1193 3867 1227 3922 cf.
1248 3869 1339 3924 Lacrt.
1358 3869 1370 3922 l
1392 3871 1423 3925 lt.

301 3953 351 4026 ¹¹⁸)
369 3955 538 4025 Quamquam
557 3964 588 4011 ut
606 3973 677 4012 nunc
691 3974 742 4028 per
760 3975 789 4013 se
806 3965 884 4027 patet
903 3958 935 4012 de
950 3957 1089 4012 Demetrio
1103 3957 1230 4026 Magnete
1249 3973 1360 4026 prorsus
1377 3971 1436 4012 erra·

228 4041 278 4096 vit.
297 4073 330 4082 -
351 4044 470 4113 Scripsit
491 4045 646 4116 Hesychius
669 4045 794 4102 Milesius
821 4063 844 4101 c.
863 4051 916 4104 590
944 4046 990 4118 [cl.
1008 4047 1103 4101 ltohde
1131 4063 1199 4100 mus.
1228 4045 1305 4100 rhen.
1333 4041 1435 4102 lllllill'

229 4132 327 4204 [1879]
348 4149 374 4204 p.
392 4135 464 4202 56³1.
