3016 4858
169 384 207 474 ἢν
228 387 258 454 δ’
285 387 372 476 αῦτῷ
396 387 542 474 σύμβολα
564 389 658 454 τόδε·
777 469 783 480 .

168 499 231 581 πῦρ
252 502 403 580 μαχαίρᾳ
426 494 470 582 μὴ
494 495 673 563 σκαλεύειν·
698 495 795 576 ζυγόν
815 498 857 583 με)
882 495 1106 584 ῦπερβαίνειν·

169 602 222 666 ἐπὶ
245 609 387 685 χοίνικος
408 604 451 688 μή
475 603 640 679 καθίζειν·
668 603 807 690 καρδίην
828 601 872 686 μὴ
893 603 1036 668 ἐσθίειν·

168 715 301 794 φορτίον
321 711 365 793 μὴ
388 716 637 796 συγκαθαιρεῖν,
661 713 905 775 συνεπιτιθέναι
929 710 978 774 δέ·

167 819 206 880 τά
230 815 400 902 στρώματα
424 811 475 880 ἀεὶ
498 817 714 901 συνδεδεμένα
738 816 835 899 ἔχειν·

167 926 201 989 ἐν
223 923 385 1010 δακτυλίῳ
410 921 518 988 εἶτόνα
542 925 624 988 θεοῦ
647 927 690 1009 μὴ
715 929 914 1010 περιφέρειν·

166 1029 280 1116 χότρας
303 1035 394 1112 ἴχνος
418 1039 545 1112 συγχεῖν
567 1030 603 1095 έν
626 1036 662 1123 τῇ
684 1035 804 1116 τέφρᾳ·

166 1137 270 1225 δᾳδίῳ
290 1139 402 1202 θῦνον
424 1137 468 1222 μή
492 1133 731 1222 ὀμόργνυσθαι·

164 1244 243 1328 πρός
263 1241 359 1329 ἥλιον
381 1249 599 1330 τετραμμένον
621 1245 664 1330 μὴ
689 1240 826 1330 όμίχειν·

164 1353 221 1427 τάς
244 1352 429 1438 λεωφόρους
452 1349 495 1435 μὴ
518 1353 679 1434 βαδίζειν·

166 1459 209 1543 μὴ
232 1457 353 1547 ῥᾳδίως
375 1455 488 1537 δεξιὰν
511 1456 701 1541 ἐμβάλλειν·

165 1563 375 1651 ὁμωροφίους
398 1562 570 1645 χελιδόνας
591 1563 634 1650 μὴ
660 1565 758 1647 ἔχειν·

164 1669 411 1754 ἀπονυχίσμασι
428 1675 483 1734 ιιαῖ
497 1681 628 1756 κουραῖς
643 1670 687 1756 μή
705 1671 855 1759 ἐπουρεῖν
877 1673 958 1758 μηδὲ
973 1670 1195 1756 ἐφίστασθαι·

163 1779 275 1858 δξεῖαν
296 1779 462 1864 μάχαιραν
484 1773 714 1864 ἀποστρέφειν·

162 1883 401 1973 ἀποδημοῦντα
424 1883 479 1948 ἐπὶ
501 1896 568 1960 τοῖς
592 1883 676 1972 ὅροις
699 1881 974 1971 ἀνεπιστρεπτεῖν.

142 1994 229 2059 Haec
252 1991 399 2076 symbola
421 1992 502 2074 ipsa.
550 1991 638 2070 Quae
663 1993 740 2076 quid
764 1993 827 2058 sibi
854 1991 955 2058 velint
982 1990 1029 2056 ita
1056 1989 1217 2071 explanat„
1241 1995 1278 2054 ut

65 2117 141 2166 nore
163 2121 221 2167 suo
238 2099 420 2166 consentiat
435 2117 506 2164 cum
524 2098 688 2166 Clemente
713 2107 746 2166 et
761 2099 950 2182 Porphyrio.
991 2097 1144 2162 Ordinem
1160 2113 1277 2178 sequor

65 2205 275 2274 Laertienum:

91 2311 209 2368 Laertius
221 2311 299 2380 vlu,
319 2315 350 2367 18
365 2327 423 2380 sqq.
481 2311 806 2382 ClemensStrom.p.238
817 2328 875 2381 sqq.
912 2309 1082 2379 Porphyrius
1100 2324 1124 2362 e.
1144 2311 1187 2364 42.
1201 2307 1250 2376 ¹⁰⁸)

56 2395 222 2487 ’Μ’
249 2419 338 2510 αὐτῷ
481 2427 641 2508 Παραινεῖ
665 2429 745 2502 γοῦν
774 2418 878 2485 όΣά-
905 2417 947 2505 ἤν
961 2418 1000 2484 δὲ
1021 2425 1075 2482 καί
1098 2419 1180 2484 ἄλλο
1195 2419 1278 2492 είδος

478 2551 557 2611 μιος
903 2524 1075 2609 συμβόλων
1098 2532 1261 2592 τοιοῦτον·

67 2635 149 2700 1.τό
176 2639 249 2720 μὲν
276 2640 353 2721 πῦρ
381 2659 450 2717 μα·
904 2632 1004 2717 2.μὴ
1044 2631 1085 2697 τδ
1123 2633 1199 2717 πῦρ
1232 2633 1278 2720 τῇ

61 2746 166 2827 χαίρᾳ
182 2743 230 2828 μὴ
247 2739 451 2806 σκαλεύειν
902 2743 1076 2824 μαχαίρᾳ
1114 2737 1277 2804 σκαλεύ-

63 2847 220 2915 δυναοτῶν
257 2845 359 2934 ἀρχὴν
397 2849 450 2911 καὶ
902 2862 975 2911 ειν·
1000 2843 1080 2930 ὅπερ
1096 2840 1193 2930 ἦνμὴ
1217 2847 1277 2910 τόν
1424 2887 1438 2920 e

64 2954 205 3022 οίδοῦντα
250 2956 364 3038 θυμόν
406 2956 450 3038 μὴ
902 2951 1098 3018 ἀνοιδοῦντα
1114 2953 1169 3016 ναί
1191 2949 1278 3038 ἀρχι-

63 3073 160 3128 ιιινεῖν.
903 3058 1037 3144 ζόμενον
1052 3071 1152 3125 κινεῖν
1168 3058 1276 3138 λόχοις

901 3170 1125 3251 τεθηγμένοις·

65 3274 90 3336 2.
111 3277 148 3340 τό
182 3275 224 3338 δὲ
258 3273 374 3354 ζυγόν
400 3272 450 3357 μή
479 3276 507 3340 5.
533 3293 565 3355 μ.
590 3274 655 3338 239
680 3273 711 3340 S.
760 3272 877 3352 ζυγόν
906 3269 1275 3355 1.ζυνδνμη“ῦπερ-

65 3374 317 3468 ὑπερβαίνειν,
379 3403 450 3446 τον·
476 3379 875 3466 μὴῦπερβαίνειντου-
902 3383 1059 3460 βαίνειν
1133 3381 1276 3444 τουτέστι

64 3489 137 3550 τίσει
161 3487 198 3554 τό
220 3491 295 3552 ἴσον
322 3485 377 3550 καί
405 3487 450 3551 δί-
476 3492 561 3552 τίσει
583 3485 627 3570 μή
649 3489 876 3572 παρέρχεσθαι
901 3485 944 3570 μὴ
967 3486 1178 3550 πλεονεκτεῖν.

65 3613 146 3658 ταιον
166 3595 209 3680 μή
231 3591 447 3680 ῦπερβαίνειν.
476 3592 513 3659 τό
538 3591 618 3680 πρὸς
640 3591 698 3669 τάς
713 3591 876 3676 διανομάς

477 3703 548 3768 ἴσον
567 3709 728 3786 τιμῶντας
749 3699 809 3786 τὴν
831 3701 876 3766 δι-

477 3807 662 3894 καιοσδνην.

64 3909 263 3926 ““·--ι-ι-

126 3964 174 4037 108)
190 3965 288 4022 Ruhde
316 3965 436 4036 [Grieeh.
463 3981 558 4021 remen
581 3983 608 4035 p.
632 3967 683 4023 255
705 3965 744 4038 n.]
768 3965 914 4035 Porphyrii
942 3981 977 4020 ex
1004 3965 1125 4020 Antonio
1149 3964 1273 4034 Diogene

64 4061 183 4124 excerpts
198 4071 254 4111 non
272 4063 346 4110 recte
368 4071 454 4124 usque
476 4055 510 4111 αδ
524 4057 558 4112 36
577 4053 632 4109 fin.
648 4053 787 4124 provexit:
800 4054 905 4110 [nertii
925 4055 1094 4123 comparatio
1107 4070 1160 4108 non
1179 4053 1272 4109 tredu-

64 4137 96 4194 eit
111 4143 182 4200 unm
199 4161 226 4214 p.
246 4145 289 4214 28,
309 4149 332 4200 l.
368 4143 444 4200 ldem
463 4144 535 4200 velet
552 4144 581 4198 in
600 4143 616 4216 ξ
635 4146 679 4202 45.
