3016 4858
233 209 295 274 158

231 386 396 469 cipporum
420 384 534 468 regula
556 381 763 464 deflexerunt,
792 381 929 464 denique
952 382 986 448 in
1008 381 1216 462 Antisthene,
1248 401 1344 466 quem
1366 387 1443 446 recte

231 495 362 576 negauit
389 493 475 576 apud
497 490 742 574 Xenophontem
771 490 885 557 autin
908 489 1098 556 suavissimo
1121 489 1264 556 Hercule
1286 489 1386 556 talem
1406 490 1446 554 11-

231 602 343 683 veniri,
368 601 496 685 qualem
519 597 713 664 scholastice
737 597 925 681 superstitio
948 597 1148 676 reddiderat3
1178 595 1273 664 facile
1296 595 1447 678 intellegi-

230 727 302 776 mus
326 727 382 775 cur
411 709 445 773 iu
467 705 690 788 Xenophontis
719 702 795 770 filiis
818 703 1009 770 Laconicam
1032 704 1236 787 disciplinam
1265 703 1447 778 laudaverit

232 821 289 882 aut
312 815 470 898 Aristippi
498 815 579 880 scite
607 813 728 880 dictum
756 811 1061 878 commemoraverit.
1109 829 1184 878 narn
1211 830 1253 876 ne
1282 809 1449 893 Cyrenaica

232 925 363 1006 quidem
386 922 497 989 schola
519 939 583 987 non
605 924 736 1003 poterat
758 936 830 984 cum
845 916 1008 987 Socratico
1025 918 1166 1002 cynismo
1190 918 1346 1001 componi.
1383 919 1449 982 sunt

232 1049 314 1112 quae
342 1031 427 1095 inter
449 1028 674 1094 Antisthenem
703 1031 736 1093 11
758 1026 959 1110 Aristippum
988 1026 1139 1109 ambigua
1165 1025 1231 1092 sint
1258 1025 1448 1108 apophtheg·

231 1142 320 1202 mata
353 1141 468 1202 neutro
502 1135 646 1218 indigna.
701 1133 775 1200 vide
808 1151 850 1200 an
884 1139 972 1200 recte
1006 1134 1144 1200 sentiam
1178 1133 1219 1198 de
1253 1132 1377 1200 Dioclis
1408 1132 1449 1196 in·

220 1244 338 1325 genio.
383 1243 447 1309 nisi
473 1241 574 1309 falsus
597 1259 682 1322 sum,
710 1240 806 1310 homo
835 1245 886 1306 est
913 1239 1044 1306 minime
1071 1239 1324 1306 contemnendus
1348 1235 1449 1320 etqui

232 1350 331 1417 iaciat
365 1351 407 1416 ad
441 1350 676 1416 aestimandum
710 1347 830 1414 saeculi
861 1345 1064 1414 ciceroniani
1097 1347 1271 1430 ingenium.
1320 1346 1450 1429 gratiam

232 1456 408 1524 habeamus
430 1457 569 1540 Diogeni
591 1456 647 1538 qui
670 1455 758 1522 solus
780 1453 931 1520 notitiam
954 1455 1024 1522 eius
1047 1454 1196 1521 servavit.

322 1565 378 1632 Bis
400 1565 466 1630 iam
487 1564 581 1631 nobis
608 1563 748 1630 occurrit
769 1561 988 1629 ATHENAEI
1009 1562 1222 1644 epigramma,
1253 1567 1321 1628 tam
1345 1577 1451 1646 panum

234 1676 309 1755 apte
343 1672 517 1752 intrusum,
552 1675 589 1736 ot
623 1689 682 1753 per
715 1669 953 1752 neglegentiam
982 1670 1080 1736 etiam
1107 1669 1278 1752 diligentia
1304 1668 1451 1753 Diogenis

232 1777 382 1862 patefiat,
418 1779 473 1862 qui
507 1777 568 1844 hoc
602 1797 641 1844 ex
675 1777 807 1860 propria
840 1795 925 1858 penu
958 1773 1199 1862 1111111111).
1252 1778 1353 1844 tertio
1388 1777 1451 1844 loco

232 1887 309 1971 (VII
331 1887 388 1968 29)
422 1887 508 1952 idem
540 1884 626 1967 quod
660 1885 692 1950 in
721 1883 913 1950 Antisthene
948 1885 1146 1967 epigramma
1174 1885 1270 1952 huius
1297 1883 1450 1951 Athenaei

233 1995 363 2078 (poetae
394 1992 562 2074 elegantis,
591 1990 732 2058 rhetoris
760 1990 887 2072 nobilis,
918 1991 959 2057 de
982 2010 1044 2074 quo
1069 1991 1150 2058 alias
1172 2009 1353 2074 proponam
1376 2007 1451 2074 qnae
1492 2071 1493 2092 Χ

233 2101 302 2167 11
293 2119 357 2166 ram
381 2119 420 2166 ex
442 2119 514 2166 meo
542 2117 600 2164 ore
622 2097 755 2182 audisti)
785 2096 866 2180 legit
866 2115 905 2162 ur
933 2097 1028 2162 sinim
1052 2115 1123 2163 cum
1146 2099 1312 2181 Antipatri
1336 2095 1493 2168 Sidonii
1492 2113 1493 2144 ι

234 2213 268 2273 11
290 2207 446 2274 Zenodoti
469 2205 568 2272 Stoici
597 2207 685 2288 (1.1.
711 2203 853 2271 Gratetci
882 2205 980 2270 etiam
1003 2205 1044 2270 de
1066 2205 1208 2272 Homero
1231 2205 1316 2274 bene
1338 2202 1451 2286 meriti)
1492 2183 1493 2272 1

233 2313 436 2379 1111111111.
488 2317 577 2378 recte
606 2312 687 2378 dixit
714 2309 915 2378 Bahnscblus
944 2311 1024 2377 hacc
1056 2313 1236 2378 carmina
1227 2313 1291 2395 ipsi
1320 2309 1450 2397 Diogeni
1492 2291 1493 2368 1

233 2420 357 2500 deberi,
392 2439 497 2502 neque
523 2419 584 2485 hoc
617 2419 733 2484 mirmn
766 2418 799 2484 in
832 2379 1493 2502 1111111111111111.11ι1ιο111111

234 2527 364 2610 obloqui
387 2527 519 2608 1111111,
545 2528 572 2592 11
603 2526 701 2592 etiam
725 2522 911 2590 Callimachi
935 2525 1170 2608 epigrammate
1192 2527 1273 2594 180
1297 2534 1332 2594 et
1353 2525 1449 2594 Illll

234 2640 268 2700 et
291 2634 462 2700 Simonidis
484 2634 529 2700 IV
553 2634 595 2699 45
620 2633 662 2698 ad
684 2631 861 2714 Diogenem
883 2649 1008 2713 revoco,
1032 2651 1127 2715 quem
1150 2634 1251 2701 multo
1275 2636 1381 2718 magis
1403 2634 1450 2700 de

234 2746 308 2808 cent
338 2758 433 2823 qnam
463 2744 520 2806 aut
551 2738 671 2806 Pittaci
703 2737 916 2822 biographum
946 2743 1004 2818 aut
1030 2738 1295 2825 homonymorum
1326 2743 1448 2810 indices

234 2849 292 2916 scd
322 2867 386 2916 uon
414 2847 448 2913 in
470 2846 532 2914 hac
554 2846 625 2914 sola
647 2865 683 2912 re
717 2850 754 2912 tu
788 2845 872 2912 siout
898 2846 1045 2930 plerique
1073 2846 1193 2914 oblitus
1222 2867 1257 2915 es
1280 2849 1449 2934 Diogenem

311 3077 335 3149 ⁶)
352 3077 449 3133 Potest
470 3073 606 3144 quispiam
629 3073 670 3130 ita
692 3073 886 3144 argumentari.
928 3075 1124 3145 epigrammata
1145 3091 1179 3134 ea
1200 3092 1255 3132 nou
1278 3077 1449 3136 inveniuntur
1492 3071 1493 3132 1

233 3167 287 3224 nisi
305 3182 390 3236 prope
409 3161 570 3233 aDiocleis,
589 3179 655 3232 ergo
666 3162 781 3220 Diocles
793 3171 866 3220 sunt.
896 3163 969 3220 idem
988 3165 1104 3222 lortasse
1123 3165 1168 3236 (de
1187 3183 1241 3236 quo
1259 3167 1448 3240 1111111111·
1492 3171 1493 3212 ἲ

233 3259 344 3312 nianum
366 3261 415 3311 eut
433 3251 602 3322 Pamphilam
630 3252 732 3308 alicubi
750 3253 784 3308 ad
804 3253 969 3309 Favorinum
997 3254 1145 3312 revocabit.
1175 3255 1304 3325 peccavit
1332 3258 1402 3314 enim
1423 3268 1448 3307 re

234 3361 300 3402 rere
323 3344 461 3413 Diogenes
483 3341 566 3396 ctiam
589 3339 637 3396 ubi
661 3358 745 3397 uuum
767 3342 867 3398 librum
888 3343 1020 3399 describit
1042 3343 1107 3399 dum
1125 3345 1249 3400 ordinem
1272 3355 1369 3404 mutat
1404 3347 1449 3400 hoc

234 3437 263 3491 in
281 3433 395 3489 Platone
414 3437 445 3487 tu
463 3431 518 3487 iam
535 3430 673 3486 monuisti.
710 3431 803 3501 gravis
826 3439 868 3488 ost
890 3433 968 3490 locus
986 3433 1028 3488 111
1046 3437 1072 3504 5,
1097 3449 1178 3504 quem
1196 3451 1251 3491 uon
1269 3443 1348 3494 recte
1366 3435 1448 3492 Diels·

234 3525 291 3580 sius
315 3521 446 3578 111111νί1
469 3537 496 3590 p.
519 3522 576 3577 150.
622 3521 777 3593 ἐφιλοσόφει
800 3523 830 3577 dt
854 3522 901 3590 τὴν
923 3521 1008 3596 ἀρχὴν
1032 3523 1071 3594 (ἐν
1091 3522 1265 3598 Ἀκαδημείᾳ·
1290 3530 1350 3582 olm
1371 3529 1399 3580 lv
1419 3521 1449 3594 rqi

234 3615 308 3686 κήπῳ
326 3613 362 3683 τῷ
375 3610 448 3683 παρὰ
461 3611 509 3665 τὸν
521 3610 656 3679 Κολωνόν,
676 3607 712 3673 ὥς
724 3631 805 3683 φησιν
814 3611 984 3684 Ἀλέξανδρος
996 3617 1024 3668 lv
1036 3613 1191 3686 διαδοχαῖς)
1209 3611 1447 3686 καθ’Ἢράιιὶιιιοι.

125 3755 130 3766 ,
234 3703 312 3758 rides
330 3699 466 3771 quomodo
478 3697 614 3769 Diogenes
632 3699 661 3756 id
680 3700 753 3770 quod
772 3701 876 3758 rectius
894 3701 967 3771 apud
978 3702 1126 3772 Apuleium
1147 3705 1348 3774 (11111162)
1366 3715 1448 3759 seroc-

233 3799 292 3848 tum
311 3798 361 3858 est,
381 3787 545 3858 interposito
560 3789 712 3846 Alexandri
730 3791 886 3848 testimonio
903 3798 1054 3862 pervertat
1090 3807 1141 3848 nec
1162 3798 1253 3848 temen
1270 3793 1449 3850 Alexandrum

233 3897 288 3938 non
307 3879 418 3936 videtur
435 3878 465 3933 iu
482 3876 559 3933 toute
577 3879 723 3936 invenisse.
760 3879 824 3936 nolo
843 3895 909 3936 vero
927 3881 980 3936 hac
999 3881 1046 3936 via
1065 3881 1256 3951 explicationis
1273 3881 1303 3938 in
1321 3883 1448 3954 epigram·

233 3969 315 4026 matio
333 3968 389 4024 illis
407 3967 462 4024 uti:
480 3983 543 4024 nam
563 3973 591 4022 et
608 3968 734 4037 poeticae
748 3969 868 4024 studium
886 3969 915 4026 in
927 3969 1050 4040 Diogene
1062 3977 1275 4028 cousentaneum
1287 3977 1318 4027 et
1335 3987 1370 4029 es
1386 3983 1448 4040 qnae

234 4060 293 4129 ipae
312 4057 346 4114 de
365 4071 415 4113 suo
433 4055 523 4113 adfert
540 4057 686 4115 coniuncte
702 4057 863 4129 plerumque
882 4065 978 4116 extant
996 4059 1025 4116 in
1043 4075 1098 4116 uuo
1116 4058 1186 4118 loco.
1219 4060 1349 4118 similitor
1366 4067 1447 4118 ortum

235 4163 355 4204 errorem
374 4151 405 4202 tn
423 4146 539 4215 tetigisti
557 4163 582 4216 p.
603 4149 646 4204 44,
