<?xml version="1.0" encoding="UTF-8"?>
<!DOCTYPE html PUBLIC "-//W3C//DTD XHTML 1.0 Transitional//EN"
    "http://www.w3.org/TR/xhtml1/DTD/xhtml1-transitional.dtd">
<html xmlns="http://www.w3.org/1999/xhtml" xml:lang="en" lang="en">
 <head>
  <title>
</title>
<meta http-equiv="Content-Type" content="text/html;charset=utf-8" />
  <meta name='ocr-system' content='tesseract 3.04.00' />
  <meta name='ocr-capabilities' content='ocr_page ocr_carea ocr_par ocr_line ocrx_word'/>
</head>
<body>
  <div class='ocr_page' id='page_1' title='image "./philologischeun00maasgoog/philologischeun00maasgoog_0495.png"; bbox 0 0 3016 4858; ppageno 0'>
   <div class='ocr_carea' id='block_1_1' title="bbox 226 171 288 236">
    <p class='ocr_par' dir='ltr' id='par_1_1' title="bbox 226 171 288 236">
     <span class='ocr_line' id='line_1_1' title="bbox 226 171 288 236; baseline 0 0"><span class='ocrx_word' id='word_1_1' title='bbox 226 171 288 236; x_wconf 89' lang='lat'><strong>118</strong></span> 
     </span>
    </p>
   </div>
   <div class='ocr_carea' id='block_1_2' title="bbox 221 343 1451 2663">
    <p class='ocr_par' dir='ltr' id='par_1_2' title="bbox 221 343 1451 946">
     <span class='ocr_line' id='line_1_2' title="bbox 222 343 1451 416; baseline -0.006 -1"><span class='ocrx_word' id='word_1_2' title='bbox 222 348 398 416; x_wconf 87' lang='lat' dir='ltr'><strong>Eudociam</strong></span> <span class='ocrx_word' id='word_1_3' title='bbox 421 347 463 412; x_wconf 89' lang='lat' dir='ltr'><strong>ad</strong></span> <span class='ocrx_word' id='word_1_4' title='bbox 493 345 615 412; x_wconf 85' lang='lat' dir='ltr'><strong>scholia</strong></span> <span class='ocrx_word' id='word_1_5' title='bbox 645 363 679 410; x_wconf 89' lang='lat' dir='ltr'><strong>se</strong></span> <span class='ocrx_word' id='word_1_6' title='bbox 704 362 931 410; x_wconf 79' lang='lat' dir='ltr'><strong>conversurum</strong></span> <span class='ocrx_word' id='word_1_7' title='bbox 953 343 1077 410; x_wconf 85' lang='lat' dir='ltr'><strong>fuisse?</strong></span> <span class='ocrx_word' id='word_1_8' title='bbox 1122 344 1157 410; x_wconf 87' lang='lat' dir='ltr'><strong>Si</strong></span> <span class='ocrx_word' id='word_1_9' title='bbox 1186 349 1295 410; x_wconf 85' lang='lat' dir='ltr'><strong>autem</strong></span> <span class='ocrx_word' id='word_1_10' title='bbox 1319 343 1451 410; x_wconf 90' lang='lat' dir='ltr'><strong>Suidam</strong></span> 
     </span>
     <span class='ocr_line' id='line_1_3' title="bbox 223 449 1451 536; baseline -0.003 -16"><span class='ocrx_word' id='word_1_11' title='bbox 223 453 463 536; x_wconf 64' lang='lat' dir='ltr'><strong>ascripsisset,</strong></span> <span class='ocrx_word' id='word_1_12' title='bbox 492 471 532 518; x_wconf 90' lang='lat' dir='ltr'><strong>ex</strong></span> <span class='ocrx_word' id='word_1_13' title='bbox 556 451 654 518; x_wconf 84' lang='lat' dir='ltr'><strong>Suida</strong></span> <span class='ocrx_word' id='word_1_14' title='bbox 677 451 852 518; x_wconf 87' lang='lat' dir='ltr'><strong>Eudociam</strong></span> <span class='ocrx_word' id='word_1_15' title='bbox 881 450 962 516; x_wconf 92' lang='lat' dir='ltr'><strong>illud</strong></span> <span class='ocrx_word' id='word_1_16' title='bbox 983 469 1111 534; x_wconf 86' lang='lat' dir='ltr'><strong>quoque</strong></span> <span class='ocrx_word' id='word_1_17' title='bbox 1138 449 1239 516; x_wconf 83' lang='lat' dir='ltr'><strong>luisse</strong></span> <span class='ocrx_word' id='word_1_18' title='bbox 1262 449 1451 516; x_wconf 79' lang='lat' dir='ltr'><strong>hausturum</strong></span> 
     </span>
     <span class='ocr_line' id='line_1_4' title="bbox 221 557 1449 643; baseline -0.005 -16"><span class='ocrx_word' id='word_1_19' title='bbox 221 560 403 643; x_wconf 77' lang='lat' dir='ltr'><strong>exploravit</strong></span> <span class='ocrx_word' id='word_1_20' title='bbox 436 559 519 624; x_wconf 89' lang='lat' dir='ltr'><strong>mira</strong></span> <span class='ocrx_word' id='word_1_21' title='bbox 553 557 677 624; x_wconf 84' lang='lat' dir='ltr'><strong>Flachii</strong></span> <span class='ocrx_word' id='word_1_22' title='bbox 710 558 884 640; x_wconf 75' lang='lat' dir='ltr'><strong>sagacitas:</strong></span> <span class='ocrx_word' id='word_1_23' title='bbox 920 558 1036 622; x_wconf 89' lang='lat' dir='ltr'><strong>deerat</strong></span> <span class='ocrx_word' id='word_1_24' title='bbox 1069 557 1169 639; x_wconf 89' lang='lat' dir='ltr'><strong>igitur</strong></span> <span class='ocrx_word' id='word_1_25' title='bbox 1208 558 1243 622; x_wconf 93' lang='lat' dir='ltr'><strong>in</strong></span> <span class='ocrx_word' id='word_1_26' title='bbox 1278 557 1449 639; x_wconf 86' lang='lat' dir='ltr'><strong>Hesychio.</strong></span> 
     </span>
     <span class='ocr_line' id='line_1_5' title="bbox 221 662 1451 751; baseline -0.004 -19"><span class='ocrx_word' id='word_1_27' title='bbox 221 667 368 750; x_wconf 87' lang='lat' dir='ltr'><strong>Denique</strong></span> <span class='ocrx_word' id='word_1_28' title='bbox 398 665 450 730; x_wconf 87' lang='lat' dir='ltr'><strong>vel</strong></span> <span class='ocrx_word' id='word_1_29' title='bbox 484 664 591 732; x_wconf 88' lang='lat' dir='ltr'><strong>verbis</strong></span> <span class='ocrx_word' id='word_1_30' title='bbox 624 664 835 751; x_wconf 71' lang='grc' dir='ltr'><strong><em>ἐξαργυρίσας</em></strong></span> <span class='ocrx_word' id='word_1_31' title='bbox 868 662 926 746; x_wconf 73' lang='grc' dir='ltr'><strong>τὴν</strong></span> <span class='ocrx_word' id='word_1_32' title='bbox 959 663 1075 732; x_wconf 77' lang='grc' dir='ltr'><strong><em>οὐσίαν</em></strong></span> <span class='ocrx_word' id='word_1_33' title='bbox 1104 665 1222 730; x_wconf 88' lang='lat' dir='ltr'><strong>Suidae</strong></span> <span class='ocrx_word' id='word_1_34' title='bbox 1257 669 1292 728; x_wconf 90' lang='lat' dir='ltr'><strong>et</strong></span> <span class='ocrx_word' id='word_1_35' title='bbox 1319 663 1451 728; x_wconf 88' lang='lat' dir='ltr'><strong>Laertio</strong></span> 
     </span>
     <span class='ocr_line' id='line_1_6' title="bbox 225 769 1451 855; baseline -0.002 -17"><span class='ocrx_word' id='word_1_36' title='bbox 225 771 444 838; x_wconf 86' lang='lat' dir='ltr'><strong>communibus</strong></span> <span class='ocrx_word' id='word_1_37' title='bbox 458 771 590 838; x_wconf 84' lang='lat' dir='ltr'><strong>Flachio</strong></span> <span class='ocrx_word' id='word_1_38' title='bbox 614 771 737 855; x_wconf 81' lang='lat' dir='ltr'><strong>arbitro</strong></span> <span class='ocrx_word' id='word_1_39' title='bbox 761 769 989 853; x_wconf 85' lang='lat' dir='ltr'><strong>comprobatur</strong></span> <span class='ocrx_word' id='word_1_40' title='bbox 1035 771 1167 838; x_wconf 89' lang='lat' dir='ltr'><strong>Suidam</strong></span> <span class='ocrx_word' id='word_1_41' title='bbox 1189 771 1391 853; x_wconf 84' lang='lat' dir='ltr'><strong>prompsisse</strong></span> <span class='ocrx_word' id='word_1_42' title='bbox 1415 789 1451 835; x_wconf 80' lang='lat' dir='ltr'><strong>eu</strong></span> 
     </span>
     <span class='ocr_line' id='line_1_7' title="bbox 225 879 366 946; baseline -0.014 0"><span class='ocrx_word' id='word_1_43' title='bbox 225 879 366 946; x_wconf 86' lang='lat' dir='ltr'><strong>Laertio.</strong></span> 
     </span>
    </p>

    <p class='ocr_par' dir='ltr' id='par_1_3' title="bbox 221 982 1451 1383">
     <span class='ocr_line' id='line_1_8' title="bbox 311 982 1451 1065; baseline -0.004 -15"><span class='ocrx_word' id='word_1_44' title='bbox 311 985 349 1050; x_wconf 93' lang='lat' dir='ltr'><strong>ln</strong></span> <span class='ocrx_word' id='word_1_45' title='bbox 379 982 440 1048; x_wconf 90' lang='lat' dir='ltr'><strong>hac</strong></span> <span class='ocrx_word' id='word_1_46' title='bbox 468 1001 612 1048; x_wconf 90' lang='lat' dir='ltr'><strong>errorum</strong></span> <span class='ocrx_word' id='word_1_47' title='bbox 642 982 734 1065; x_wconf 87' lang='lat' dir='ltr'><strong>quasi</strong></span> <span class='ocrx_word' id='word_1_48' title='bbox 762 983 880 1065; x_wconf 88' lang='lat' dir='ltr'><strong>palude</strong></span> <span class='ocrx_word' id='word_1_49' title='bbox 911 989 948 1047; x_wconf 88' lang='lat' dir='ltr'><strong>ut</strong></span> <span class='ocrx_word' id='word_1_50' title='bbox 982 983 1122 1048; x_wconf 86' lang='lat' dir='ltr'><strong>lubricos</strong></span> <span class='ocrx_word' id='word_1_51' title='bbox 1150 983 1306 1064; x_wconf 91' lang='lat' dir='ltr'><strong>quosdam</strong></span> <span class='ocrx_word' id='word_1_52' title='bbox 1342 983 1451 1048; x_wconf 85' lang='lat' dir='ltr'><strong>statim</strong></span> 
     </span>
     <span class='ocr_line' id='line_1_9' title="bbox 221 1087 1450 1171; baseline -0.003 -15"><span class='ocrx_word' id='word_1_53' title='bbox 221 1089 426 1171; x_wconf 82' lang='lat' dir='ltr'><strong>designemus</strong></span> <span class='ocrx_word' id='word_1_54' title='bbox 454 1088 542 1154; x_wconf 89' lang='lat' dir='ltr'><strong>locos</strong></span> <span class='ocrx_word' id='word_1_55' title='bbox 564 1089 675 1170; x_wconf 86' lang='lat' dir='ltr'><strong>itaque</strong></span> <span class='ocrx_word' id='word_1_56' title='bbox 698 1095 915 1171; x_wconf 88' lang='lat' dir='ltr'><strong>comparatos,</strong></span> <span class='ocrx_word' id='word_1_57' title='bbox 949 1093 986 1154; x_wconf 92' lang='lat' dir='ltr'><strong>ut</strong></span> <span class='ocrx_word' id='word_1_58' title='bbox 1013 1089 1088 1154; x_wconf 92' lang='lat' dir='ltr'><strong>inde</strong></span> <span class='ocrx_word' id='word_1_59' title='bbox 1114 1089 1156 1154; x_wconf 90' lang='lat' dir='ltr'><strong>ad</strong></span> <span class='ocrx_word' id='word_1_60' title='bbox 1180 1107 1313 1170; x_wconf 86' lang='lat' dir='ltr'><strong>prorsus</strong></span> <span class='ocrx_word' id='word_1_61' title='bbox 1336 1087 1450 1154; x_wconf 76' lang='lat' dir='ltr'><strong>falsum</strong></span> 
     </span>
     <span class='ocr_line' id='line_1_10' title="bbox 223 1193 1449 1277; baseline -0.003 -15"><span class='ocrx_word' id='word_1_62' title='bbox 223 1195 402 1277; x_wconf 82' lang='lat' dir='ltr'><strong>dIsputatio</strong></span> <span class='ocrx_word' id='word_1_63' title='bbox 425 1199 497 1262; x_wconf 88' lang='lat' dir='ltr'><strong>tota</strong></span> <span class='ocrx_word' id='word_1_64' title='bbox 520 1195 648 1261; x_wconf 89' lang='lat' dir='ltr'><strong>eveniat</strong></span> <span class='ocrx_word' id='word_1_65' title='bbox 670 1193 779 1260; x_wconf 88' lang='lat' dir='ltr'><strong>finem:</strong></span> <span class='ocrx_word' id='word_1_66' title='bbox 804 1195 981 1262; x_wconf 85' lang='lat' dir='ltr'><strong>Eudociam</strong></span> <span class='ocrx_word' id='word_1_67' title='bbox 1005 1215 1096 1262; x_wconf 89' lang='lat' dir='ltr'><strong>usam</strong></span> <span class='ocrx_word' id='word_1_68' title='bbox 1120 1213 1191 1261; x_wconf 89' lang='lat' dir='ltr'><strong>esse</strong></span> <span class='ocrx_word' id='word_1_69' title='bbox 1206 1195 1370 1277; x_wconf 82' lang='lat' dir='ltr'><strong>Hesychia</strong></span> <span class='ocrx_word' id='word_1_70' title='bbox 1395 1213 1449 1260; x_wconf 89' lang='lat' dir='ltr'><strong>nec</strong></span> 
     </span>
     <span class='ocr_line' id='line_1_11' title="bbox 221 1300 1258 1383; baseline -0.004 -15"><span class='ocrx_word' id='word_1_71' title='bbox 221 1303 479 1368; x_wconf 87' lang='lat' dir='ltr'><strong>demonstratum</strong></span> <span class='ocrx_word' id='word_1_72' title='bbox 503 1307 554 1366; x_wconf 94' lang='lat' dir='ltr'><strong>est</strong></span> <span class='ocrx_word' id='word_1_73' title='bbox 577 1320 597 1366; x_wconf 83' lang='lat' dir='ltr'><strong>a</strong></span> <span class='ocrx_word' id='word_1_74' title='bbox 619 1300 750 1366; x_wconf 86' lang='lat' dir='ltr'><strong>Flachio</strong></span> <span class='ocrx_word' id='word_1_75' title='bbox 774 1319 878 1383; x_wconf 90' lang='lat' dir='ltr'><strong>neque</strong></span> <span class='ocrx_word' id='word_1_76' title='bbox 901 1307 1010 1382; x_wconf 87' lang='lat' dir='ltr'><strong>potest</strong></span> <span class='ocrx_word' id='word_1_77' title='bbox 1033 1301 1258 1367; x_wconf 87' lang='lat' dir='ltr'><strong>demonstrari.</strong></span> 
     </span>
    </p>

    <p class='ocr_par' dir='ltr' id='par_1_4' title="bbox 222 1406 1450 1916">
     <span class='ocr_line' id='line_1_12' title="bbox 311 1406 1450 1486; baseline -0.004 -14"><span class='ocrx_word' id='word_1_78' title='bbox 311 1407 420 1472; x_wconf 88' lang='lat' dir='ltr'><strong>Etiam</strong></span> <span class='ocrx_word' id='word_1_79' title='bbox 449 1407 576 1474; x_wconf 89' lang='lat' dir='ltr'><strong>edoceri</strong></span> <span class='ocrx_word' id='word_1_80' title='bbox 605 1407 735 1486; x_wconf 86' lang='lat' dir='ltr'><strong>vellem,</strong></span> <span class='ocrx_word' id='word_1_81' title='bbox 770 1407 855 1472; x_wconf 89' lang='lat' dir='ltr'><strong>unde</strong></span> <span class='ocrx_word' id='word_1_82' title='bbox 884 1406 1035 1473; x_wconf 79' lang='lat' dir='ltr'><strong>llaohius</strong></span> <span class='ocrx_word' id='word_1_83' title='bbox 1065 1409 1147 1474; x_wconf 86' lang='lat' dir='ltr'><strong>sciat</strong></span> <span class='ocrx_word' id='word_1_84' title='bbox 1176 1406 1389 1472; x_wconf 89' lang='lat' dir='ltr'><strong>Eudociam</strong></span> <span class='ocrx_word' id='word_1_85' title='bbox 1420 1406 1450 1470; x_wconf 89' lang='lat' dir='ltr'><strong>si</strong></span> 
     </span>
     <span class='ocr_line' id='line_1_13' title="bbox 222 1513 1449 1595; baseline -0.002 -15"><span class='ocrx_word' id='word_1_86' title='bbox 222 1514 333 1580; x_wconf 92' lang='lat' dir='ltr'><strong>illam</strong></span> <span class='ocrx_word' id='word_1_87' title='bbox 360 1513 614 1580; x_wconf 87' lang='lat' dir='ltr'><strong>historiolam</strong></span> <span class='ocrx_word' id='word_1_88' title='bbox 640 1513 816 1595; x_wconf 82' lang='lat' dir='ltr'><strong>legisset</strong></span> <span class='ocrx_word' id='word_1_89' title='bbox 842 1515 881 1580; x_wconf 93' lang='lat' dir='ltr'><strong>in</strong></span> <span class='ocrx_word' id='word_1_90' title='bbox 910 1514 1033 1580; x_wconf 89' lang='lat' dir='ltr'><strong>Suida</strong></span> <span class='ocrx_word' id='word_1_91' title='bbox 1062 1533 1107 1580; x_wconf 83' lang='lat' dir='ltr'><strong>ex</strong></span> <span class='ocrx_word' id='word_1_92' title='bbox 1142 1533 1187 1580; x_wconf 92' lang='lat' dir='ltr'><strong>eo</strong></span> <span class='ocrx_word' id='word_1_93' title='bbox 1221 1514 1449 1579; x_wconf 81' lang='lat' dir='ltr'><strong>hausturum</strong></span> 
     </span>
     <span class='ocr_line' id='line_1_14' title="bbox 222 1619 1449 1702; baseline -0.002 -15"><span class='ocrx_word' id='word_1_94' title='bbox 222 1621 349 1688; x_wconf 85' lang='lat' dir='ltr'><strong>iuirse</strong></span> <span class='ocrx_word' id='word_1_95' title='bbox 373 1625 414 1686; x_wconf 86' lang='lat' dir='ltr'><strong>et</strong></span> <span class='ocrx_word' id='word_1_96' title='bbox 436 1639 510 1686; x_wconf 94' lang='lat' dir='ltr'><strong>non</strong></span> <span class='ocrx_word' id='word_1_97' title='bbox 534 1639 579 1686; x_wconf 84' lang='lat' dir='ltr'><strong>en</strong></span> <span class='ocrx_word' id='word_1_98' title='bbox 602 1619 768 1686; x_wconf 89' lang='lat' dir='ltr'><strong>scholiis</strong></span> <span class='ocrx_word' id='word_1_99' title='bbox 796 1621 834 1686; x_wconf 89' lang='lat' dir='ltr'><strong>iu</strong></span> <span class='ocrx_word' id='word_1_100' title='bbox 858 1619 1116 1702; x_wconf 78' lang='lat' dir='ltr'><strong>Gregoriumi</strong></span> <span class='ocrx_word' id='word_1_101' title='bbox 1162 1621 1273 1686; x_wconf 89' lang='lat' dir='ltr'><strong>Donec</strong></span> <span class='ocrx_word' id='word_1_102' title='bbox 1296 1620 1449 1686; x_wconf 92' lang='lat' dir='ltr'><strong>eiusmodi</strong></span> 
     </span>
     <span class='ocr_line' id='line_1_15' title="bbox 223 1725 1449 1810; baseline -0.003 -16"><span class='ocrx_word' id='word_1_103' title='bbox 223 1726 450 1810; x_wconf 87' lang='lat' dir='ltr'><strong>compilatores</strong></span> <span class='ocrx_word' id='word_1_104' title='bbox 473 1731 569 1792; x_wconf 89' lang='lat' dir='ltr'><strong>erunt</strong></span> <span class='ocrx_word' id='word_1_105' title='bbox 591 1726 625 1790; x_wconf 94' lang='lat' dir='ltr'><strong>in</strong></span> <span class='ocrx_word' id='word_1_106' title='bbox 648 1727 759 1808; x_wconf 79' lang='lat' dir='ltr'><strong>terris,</strong></span> <span class='ocrx_word' id='word_1_107' title='bbox 790 1745 901 1792; x_wconf 91' lang='lat' dir='ltr'><strong>eorum</strong></span> <span class='ocrx_word' id='word_1_108' title='bbox 923 1726 1090 1793; x_wconf 89' lang='lat' dir='ltr'><strong>libidinem</strong></span> <span class='ocrx_word' id='word_1_109' title='bbox 1114 1725 1259 1793; x_wconf 84' lang='lat' dir='ltr'><strong>adfixas</strong></span> <span class='ocrx_word' id='word_1_110' title='bbox 1283 1731 1449 1810; x_wconf 84' lang='lat' dir='ltr'><strong>certasque</strong></span> 
     </span>
     <span class='ocr_line' id='line_1_16' title="bbox 223 1831 1127 1916; baseline -0.001 -17"><span class='ocrx_word' id='word_1_111' title='bbox 223 1834 312 1916; x_wconf 89' lang='lat' dir='ltr'><strong>leges</strong></span> <span class='ocrx_word' id='word_1_112' title='bbox 335 1851 429 1899; x_wconf 90' lang='lat' dir='ltr'><strong>nemo</strong></span> <span class='ocrx_word' id='word_1_113' title='bbox 453 1851 493 1898; x_wconf 92' lang='lat' dir='ltr'><strong>ne</strong></span> <span class='ocrx_word' id='word_1_114' title='bbox 516 1831 667 1898; x_wconf 87' lang='lat' dir='ltr'><strong>Flachius</strong></span> <span class='ocrx_word' id='word_1_115' title='bbox 691 1833 821 1916; x_wconf 89' lang='lat' dir='ltr'><strong>quidem</strong></span> <span class='ocrx_word' id='word_1_116' title='bbox 845 1833 973 1916; x_wconf 84' lang='lat' dir='ltr'><strong>exigere</strong></span> <span class='ocrx_word' id='word_1_117' title='bbox 997 1835 1127 1916; x_wconf 88' lang='lat' dir='ltr'><strong>poterit.</strong></span> 
     </span>
    </p>

    <p class='ocr_par' dir='ltr' id='par_1_5' title="bbox 221 1935 1449 2663">
     <span class='ocr_line' id='line_1_17' title="bbox 313 1935 1449 2026; baseline -0.004 -20"><span class='ocrx_word' id='word_1_118' title='bbox 313 1939 393 2006; x_wconf 88' lang='lat' dir='ltr'><strong>Tum</strong></span> <span class='ocrx_word' id='word_1_119' title='bbox 416 1939 502 2022; x_wconf 87' lang='lat' dir='ltr'><strong>quod</strong></span> <span class='ocrx_word' id='word_1_120' title='bbox 517 1939 641 2004; x_wconf 89' lang='lat' dir='ltr'><strong>Laertii</strong></span> <span class='ocrx_word' id='word_1_121' title='bbox 665 1943 698 2004; x_wconf 92' lang='lat' dir='ltr'><strong>et</strong></span> <span class='ocrx_word' id='word_1_122' title='bbox 719 1939 837 2006; x_wconf 87' lang='lat' dir='ltr'><strong>Suidae</strong></span> <span class='ocrx_word' id='word_1_123' title='bbox 860 1941 894 2006; x_wconf 84' lang='lat' dir='ltr'><strong>In</strong></span> <span class='ocrx_word' id='word_1_124' title='bbox 918 1939 1016 2006; x_wconf 88' lang='lat' dir='ltr'><strong>verbo</strong></span> <span class='ocrx_word' id='word_1_125' title='bbox 1039 1935 1253 2026; x_wconf 72' lang='grc' dir='ltr'><strong><em>ἐξαργυρίσας</em></strong></span> <span class='ocrx_word' id='word_1_126' title='bbox 1278 1957 1449 2006; x_wconf 88' lang='lat' dir='ltr'><strong>consensus</strong></span> 
     </span>
     <span class='ocr_line' id='line_1_18' title="bbox 221 2043 1448 2130; baseline -0.002 -18"><span class='ocrx_word' id='word_1_127' title='bbox 221 2047 416 2130; x_wconf 86' lang='lat' dir='ltr'><strong>pendentem</strong></span> <span class='ocrx_word' id='word_1_128' title='bbox 439 2047 479 2112; x_wconf 91' lang='lat' dir='ltr'><strong>ab</strong></span> <span class='ocrx_word' id='word_1_129' title='bbox 503 2045 634 2112; x_wconf 88' lang='lat' dir='ltr'><strong>Laertio</strong></span> <span class='ocrx_word' id='word_1_130' title='bbox 659 2043 790 2112; x_wconf 88' lang='lat' dir='ltr'><strong>Suidam</strong></span> <span class='ocrx_word' id='word_1_131' title='bbox 813 2046 944 2112; x_wconf 87' lang='lat' dir='ltr'><strong>Flachio</strong></span> <span class='ocrx_word' id='word_1_132' title='bbox 968 2052 1148 2112; x_wconf 88' lang='lat' dir='ltr'><strong>monstrare</strong></span> <span class='ocrx_word' id='word_1_133' title='bbox 1177 2044 1321 2126; x_wconf 81' lang='lat' dir='ltr'><strong>uidetur,</strong></span> <span class='ocrx_word' id='word_1_134' title='bbox 1349 2063 1448 2128; x_wconf 88' lang='lat' dir='ltr'><strong>paene</strong></span> 
     </span>
     <span class='ocr_line' id='line_1_19' title="bbox 224 2151 1449 2233; baseline -0.001 -15"><span class='ocrx_word' id='word_1_135' title='bbox 224 2151 423 2218; x_wconf 82' lang='lat' dir='ltr'><strong>incredibile.</strong></span> <span class='ocrx_word' id='word_1_136' title='bbox 470 2152 591 2218; x_wconf 85' lang='lat' dir='ltr'><strong>Audire</strong></span> <span class='ocrx_word' id='word_1_137' title='bbox 614 2151 693 2218; x_wconf 92' lang='lat' dir='ltr'><strong>mihi</strong></span> <span class='ocrx_word' id='word_1_138' title='bbox 716 2152 827 2220; x_wconf 86' lang='lat' dir='ltr'><strong>videor</strong></span> <span class='ocrx_word' id='word_1_139' title='bbox 855 2152 1017 2220; x_wconf 90' lang='lat' dir='ltr'><strong>hominem</strong></span> <span class='ocrx_word' id='word_1_140' title='bbox 1041 2154 1075 2218; x_wconf 94' lang='lat' dir='ltr'><strong>in</strong></span> <span class='ocrx_word' id='word_1_141' title='bbox 1099 2153 1310 2218; x_wconf 81' lang='lat' dir='ltr'><strong>examinando</strong></span> <span class='ocrx_word' id='word_1_142' title='bbox 1335 2153 1449 2233; x_wconf 92' lang='lat' dir='ltr'><strong>compi-</strong></span> 
     </span>
     <span class='ocr_line' id='line_1_20' title="bbox 223 2258 1448 2342; baseline -0.001 -19"><span class='ocrx_word' id='word_1_143' title='bbox 223 2258 363 2324; x_wconf 87' lang='lat' dir='ltr'><strong>latorum</strong></span> <span class='ocrx_word' id='word_1_144' title='bbox 386 2275 484 2342; x_wconf 86' lang='lat' dir='ltr'><strong>grege</strong></span> <span class='ocrx_word' id='word_1_145' title='bbox 508 2277 549 2323; x_wconf 90' lang='lat' dir='ltr'><strong>ue</strong></span> <span class='ocrx_word' id='word_1_146' title='bbox 572 2259 736 2324; x_wconf 91' lang='lat' dir='ltr'><strong>tantillum</strong></span> <span class='ocrx_word' id='word_1_147' title='bbox 759 2260 889 2342; x_wconf 90' lang='lat' dir='ltr'><strong>quidem</strong></span> <span class='ocrx_word' id='word_1_148' title='bbox 905 2261 1083 2326; x_wconf 83' lang='lat' dir='ltr'><strong>versatum!</strong></span> <span class='ocrx_word' id='word_1_149' title='bbox 1125 2260 1271 2342; x_wconf 85' lang='lat' dir='ltr'><strong>Denique</strong></span> <span class='ocrx_word' id='word_1_150' title='bbox 1295 2259 1448 2342; x_wconf 91' lang='lat' dir='ltr'><strong>composi·</strong></span> 
     </span>
     <span class='ocr_line' id='line_1_21' title="bbox 224 2359 1446 2441; baseline -0.002 -11"><span class='ocrx_word' id='word_1_151' title='bbox 224 2365 345 2430; x_wconf 89' lang='lat' dir='ltr'><strong>tionem</strong></span> <span class='ocrx_word' id='word_1_152' title='bbox 369 2364 497 2431; x_wconf 86' lang='lat' dir='ltr'><strong>articuli</strong></span> <span class='ocrx_word' id='word_1_153' title='bbox 520 2365 652 2432; x_wconf 88' lang='lat' dir='ltr'><strong>Suidani</strong></span> <span class='ocrx_word' id='word_1_154' title='bbox 676 2385 715 2432; x_wconf 83' lang='lat' dir='ltr'><strong>ex</strong></span> <span class='ocrx_word' id='word_1_155' title='bbox 738 2384 798 2432; x_wconf 82' lang='lat' dir='ltr'><strong>usu</strong></span> <span class='ocrx_word' id='word_1_156' title='bbox 821 2366 1049 2433; x_wconf 82' lang='lat' dir='ltr'><strong>vocabulorum</strong></span> <span class='ocrx_word' id='word_1_157' title='bbox 1072 2363 1108 2441; x_wconf 83' lang='grc' dir='ltr'><strong>ὃς</strong></span> <span class='ocrx_word' id='word_1_158' title='bbox 1131 2371 1165 2432; x_wconf 89' lang='lat' dir='ltr'><strong>ot</strong></span> <span class='ocrx_word' id='word_1_159' title='bbox 1188 2359 1282 2438; x_wconf 76' lang='grc' dir='ltr'><strong><em>οὗτος</em></strong></span> <span class='ocrx_word' id='word_1_160' title='bbox 1304 2365 1446 2430; x_wconf 85' lang='lat' dir='ltr'><strong>rimatur.</strong></span> 
     </span>
     <span class='ocr_line' id='line_1_22' title="bbox 224 2471 1448 2540; baseline 0 -4"><span class='ocrx_word' id='word_1_161' title='bbox 224 2471 361 2538; x_wconf 87' lang='lat' dir='ltr'><strong>Evolvat</strong></span> <span class='ocrx_word' id='word_1_162' title='bbox 381 2471 560 2538; x_wconf 86' lang='lat' dir='ltr'><strong>Laertium:</strong></span> <span class='ocrx_word' id='word_1_163' title='bbox 585 2471 709 2538; x_wconf 88' lang='lat' dir='ltr'><strong>videbit</strong></span> <span class='ocrx_word' id='word_1_164' title='bbox 731 2472 1061 2540; x_wconf 86' lang='lat' dir='ltr'><strong>illumconectendae</strong></span> <span class='ocrx_word' id='word_1_165' title='bbox 1085 2473 1241 2538; x_wconf 88' lang='lat' dir='ltr'><strong>orationis</strong></span> <span class='ocrx_word' id='word_1_166' title='bbox 1264 2491 1387 2538; x_wconf 90' lang='lat' dir='ltr'><strong>morem</strong></span> <span class='ocrx_word' id='word_1_167' title='bbox 1410 2507 1448 2515; x_wconf 91' lang='lat'>-</span> 
     </span>
     <span class='ocr_line' id='line_1_23' title="bbox 225 2576 1448 2663; baseline -0.002 -20"><span class='ocrx_word' id='word_1_168' title='bbox 225 2595 285 2660; x_wconf 89' lang='lat' dir='ltr'><strong>per</strong></span> <span class='ocrx_word' id='word_1_169' title='bbox 313 2595 348 2644; x_wconf 89' lang='lat' dir='ltr'><strong>se</strong></span> <span class='ocrx_word' id='word_1_170' title='bbox 380 2584 629 2646; x_wconf 86' lang='lat' dir='ltr'><strong>consentaneum</strong></span> <span class='ocrx_word' id='word_1_171' title='bbox 657 2616 701 2626; x_wconf 94' lang='lat'><em>-</em></span> <span class='ocrx_word' id='word_1_172' title='bbox 729 2579 860 2646; x_wconf 87' lang='lat' dir='ltr'><strong>Laertio</strong></span> <span class='ocrx_word' id='word_1_173' title='bbox 892 2599 964 2647; x_wconf 90' lang='lat' dir='ltr'><strong>esse</strong></span> <span class='ocrx_word' id='word_1_174' title='bbox 992 2576 1313 2663; x_wconf 78' lang='lat' dir='ltr'><strong>usitatissimum¹²²).</strong></span> <span class='ocrx_word' id='word_1_175' title='bbox 1364 2579 1448 2644; x_wconf 85' lang='lat' dir='ltr'><strong>Haec</strong></span> 
     </span>
    </p>
   </div>
   <div class='ocr_carea' id='block_1_3' title="bbox 227 2839 1449 4154">
    <p class='ocr_par' dir='ltr' id='par_1_6' title="bbox 227 2839 1449 4154">
     <span class='ocr_line' id='line_1_24' title="bbox 298 2839 1448 2914; baseline 0.001 -19"><span class='ocrx_word' id='word_1_176' title='bbox 298 2839 349 2910; x_wconf 80' lang='lat'><strong>¹¹¹)</strong></span> <span class='ocrx_word' id='word_1_177' title='bbox 367 2839 431 2896; x_wconf 75' lang='lat' dir='ltr'><strong>Non</strong></span> <span class='ocrx_word' id='word_1_178' title='bbox 449 2841 564 2900; x_wconf 79' lang='lat' dir='ltr'><strong>meliora</strong></span> <span class='ocrx_word' id='word_1_179' title='bbox 581 2849 646 2897; x_wconf 88' lang='lat' dir='ltr'><strong>snut</strong></span> <span class='ocrx_word' id='word_1_180' title='bbox 663 2849 758 2898; x_wconf 87' lang='lat' dir='ltr'><strong>cetera</strong></span> <span class='ocrx_word' id='word_1_181' title='bbox 769 2843 885 2912; x_wconf 76' lang='lat' dir='ltr'><strong>unctu,</strong></span> <span class='ocrx_word' id='word_1_182' title='bbox 905 2844 928 2899; x_wconf 86' lang='lat' dir='ltr'><strong>si</strong></span> <span class='ocrx_word' id='word_1_183' title='bbox 946 2843 989 2900; x_wconf 85' lang='lat' dir='ltr'><strong>dis</strong></span> <span class='ocrx_word' id='word_1_184' title='bbox 1000 2844 1101 2914; x_wconf 79' lang='lat' dir='ltr'><strong>placet,</strong></span> <span class='ocrx_word' id='word_1_185' title='bbox 1119 2849 1286 2911; x_wconf 67' lang='lat' dir='ltr'><strong>minente.</strong></span> <span class='ocrx_word' id='word_1_186' title='bbox 1305 2860 1332 2912; x_wconf 94' lang='lat' dir='ltr'><strong>p.</strong></span> <span class='ocrx_word' id='word_1_187' title='bbox 1351 2845 1386 2900; x_wconf 85' lang='lat'><strong>55</strong></span> <span class='ocrx_word' id='word_1_188' title='bbox 1404 2843 1448 2897; x_wconf 79' lang='lat' dir='ltr'><strong>‘Ea</strong></span> 
     </span>
     <span class='ocr_line' id='line_1_25' title="bbox 228 2929 1448 3004; baseline 0.002 -18"><span class='ocrx_word' id='word_1_189' title='bbox 228 2929 342 3000; x_wconf 79' lang='lat' dir='ltr'><strong>beginnt</strong></span> <span class='ocrx_word' id='word_1_190' title='bbox 365 2930 409 2984; x_wconf 85' lang='lat' dir='ltr'><strong>hai</strong></span> <span class='ocrx_word' id='word_1_191' title='bbox 431 2930 558 2986; x_wconf 81' lang='lat' dir='ltr'><strong>Eudccia</strong></span> <span class='ocrx_word' id='word_1_192' title='bbox 582 2947 603 2986; x_wconf 91' lang='lat' dir='ltr'><strong>s.</strong></span> <span class='ocrx_word' id='word_1_193' title='bbox 624 2947 648 2986; x_wconf 86' lang='lat' dir='ltr'><strong>r.</strong></span> <span class='ocrx_word' id='word_1_194' title='bbox 670 2932 882 3004; x_wconf 69' lang='grc' dir='ltr'><strong>Ἀναξίμανδρος</strong></span> <span class='ocrx_word' id='word_1_195' title='bbox 907 2933 979 2989; x_wconf 89' lang='lat' dir='ltr'><strong>nach</strong></span> <span class='ocrx_word' id='word_1_196' title='bbox 1003 2933 1096 2989; x_wconf 76' lang='grc' dir='ltr'><strong><em>Θάλεω</em></strong></span> <span class='ocrx_word' id='word_1_197' title='bbox 1119 2933 1181 2988; x_wconf 79' lang='lat' dir='ltr'><strong>eiua</strong></span> <span class='ocrx_word' id='word_1_198' title='bbox 1204 2931 1382 3001; x_wconf 79' lang='lat' dir='ltr'><strong>compilation</strong></span> <span class='ocrx_word' id='word_1_199' title='bbox 1403 2947 1448 2988; x_wconf 79' lang='lat' dir='ltr'><strong>aut</strong></span> 
     </span>
     <span class='ocr_line' id='line_1_26' title="bbox 227 3017 1447 3091; baseline 0.002 -19"><span class='ocrx_word' id='word_1_200' title='bbox 227 3021 319 3076; x_wconf 77' lang='lat' dir='ltr'><strong>laert</strong></span> <span class='ocrx_word' id='word_1_201' title='bbox 338 3017 366 3073; x_wconf 97' lang='lat' dir='ltr'><strong>lI</strong></span> <span class='ocrx_word' id='word_1_202' title='bbox 388 3021 410 3073; x_wconf 93' lang='grc'><strong>1.</strong></span> <span class='ocrx_word' id='word_1_203' title='bbox 447 3017 542 3074; x_wconf 80' lang='lat' dir='ltr'><strong>Nach</strong></span> <span class='ocrx_word' id='word_1_204' title='bbox 560 3019 754 3076; x_wconf 89' lang='lat' dir='ltr'><strong>damselhen</strong></span> <span class='ocrx_word' id='word_1_205' title='bbox 772 3031 841 3078; x_wconf 75' lang='lat' dir='ltr'><strong>nort</strong></span> <span class='ocrx_word' id='word_1_206' title='bbox 857 3023 973 3090; x_wconf 72' lang='grc' dir='ltr'><strong>Θάλητος</strong></span> <span class='ocrx_word' id='word_1_207' title='bbox 990 3021 1105 3091; x_wconf 89' lang='lat' dir='ltr'><strong>beginnt</strong></span> <span class='ocrx_word' id='word_1_208' title='bbox 1123 3022 1192 3078; x_wconf 91' lang='lat' dir='ltr'><strong>auch</strong></span> <span class='ocrx_word' id='word_1_209' title='bbox 1211 3021 1256 3077; x_wconf 89' lang='lat' dir='ltr'><strong>hei</strong></span> <span class='ocrx_word' id='word_1_210' title='bbox 1276 3021 1374 3078; x_wconf 80' lang='lat' dir='ltr'><strong>Suidas</strong></span> <span class='ocrx_word' id='word_1_211' title='bbox 1392 3023 1447 3077; x_wconf 85' lang='lat' dir='ltr'><strong>eine</strong></span> 
     </span>
     <span class='ocr_line' id='line_1_27' title="bbox 228 3107 1446 3178; baseline 0.003 -18"><span class='ocrx_word' id='word_1_212' title='bbox 228 3107 404 3178; x_wconf 89' lang='lat' dir='ltr'><strong>compilation</strong></span> <span class='ocrx_word' id='word_1_213' title='bbox 413 3107 557 3164; x_wconf 87' lang='lat' dir='ltr'><strong>derselhen</strong></span> <span class='ocrx_word' id='word_1_214' title='bbox 567 3107 654 3172; x_wconf 88' lang='lat' dir='ltr'><strong>stelle,</strong></span> <span class='ocrx_word' id='word_1_215' title='bbox 665 3123 716 3162; x_wconf 91' lang='lat' dir='ltr'><strong>nur</strong></span> <span class='ocrx_word' id='word_1_216' title='bbox 725 3109 785 3164; x_wconf 88' lang='lat' dir='ltr'><strong>eine</strong></span> <span class='ocrx_word' id='word_1_217' title='bbox 797 3109 922 3166; x_wconf 78' lang='lat' dir='ltr'><strong>horrere.</strong></span> <span class='ocrx_word' id='word_1_218' title='bbox 941 3111 1027 3166; x_wconf 91' lang='lat' dir='ltr'><strong>Beide</strong></span> <span class='ocrx_word' id='word_1_219' title='bbox 1038 3110 1247 3166; x_wconf 85' lang='lat' dir='ltr'><strong>unterschciden</strong></span> <span class='ocrx_word' id='word_1_220' title='bbox 1257 3110 1314 3166; x_wconf 87' lang='lat' dir='ltr'><strong>sich</strong></span> <span class='ocrx_word' id='word_1_221' title='bbox 1326 3111 1363 3166; x_wconf 90' lang='lat' dir='ltr'><strong>im</strong></span> <span class='ocrx_word' id='word_1_222' title='bbox 1373 3119 1446 3166; x_wconf 74' lang='lat' dir='ltr'><strong>wort-</strong></span> 
     </span>
     <span class='ocr_line' id='line_1_28' title="bbox 228 3193 1448 3270; baseline 0.002 -20"><span class='ocrx_word' id='word_1_223' title='bbox 228 3197 288 3250; x_wconf 89' lang='lat' dir='ltr'><strong>laut</strong></span> <span class='ocrx_word' id='word_1_224' title='bbox 305 3211 366 3250; x_wconf 82' lang='lat' dir='ltr'><strong>rom</strong></span> <span class='ocrx_word' id='word_1_225' title='bbox 378 3195 509 3265; x_wconf 87' lang='lat' dir='ltr'><strong>heutigon</strong></span> <span class='ocrx_word' id='word_1_226' title='bbox 522 3193 667 3266; x_wconf 86' lang='lat' dir='ltr'><strong>Diogenes,</strong></span> <span class='ocrx_word' id='word_1_227' title='bbox 687 3197 864 3252; x_wconf 78' lang='lat' dir='ltr'><strong>stellenwcise</strong></span> <span class='ocrx_word' id='word_1_228' title='bbox 883 3197 1047 3266; x_wconf 86' lang='lat' dir='ltr'><strong>bedentend,</strong></span> <span class='ocrx_word' id='word_1_229' title='bbox 1066 3198 1201 3254; x_wconf 75' lang='lat' dir='ltr'><strong>beneisen</strong></span> <span class='ocrx_word' id='word_1_230' title='bbox 1219 3200 1287 3254; x_wconf 87' lang='lat' dir='ltr'><strong>aher</strong></span> <span class='ocrx_word' id='word_1_231' title='bbox 1305 3199 1376 3270; x_wconf 82' lang='lat' dir='ltr'><strong>klar,</strong></span> <span class='ocrx_word' id='word_1_232' title='bbox 1395 3201 1448 3254; x_wconf 77' lang='lat' dir='ltr'><strong>dala</strong></span> 
     </span>
     <span class='ocr_line' id='line_1_29' title="bbox 228 3283 1447 3356; baseline 0.001 -16"><span class='ocrx_word' id='word_1_233' title='bbox 228 3285 274 3340; x_wconf 86' lang='lat' dir='ltr'><strong>hei</strong></span> <span class='ocrx_word' id='word_1_234' title='bbox 292 3285 406 3351; x_wconf 73' lang='grc' dir='ltr'><strong>Θάλητος</strong></span> <span class='ocrx_word' id='word_1_235' title='bbox 418 3283 528 3354; x_wconf 80' lang='lat' dir='ltr'><strong>Hosyoh</strong></span> <span class='ocrx_word' id='word_1_236' title='bbox 547 3299 581 3338; x_wconf 86' lang='lat' dir='ltr'><strong>an</strong></span> <span class='ocrx_word' id='word_1_237' title='bbox 600 3283 669 3340; x_wconf 88' lang='lat' dir='ltr'><strong>cnde</strong></span> <span class='ocrx_word' id='word_1_238' title='bbox 689 3285 725 3339; x_wconf 86' lang='lat' dir='ltr'><strong>ist</strong></span> <span class='ocrx_word' id='word_1_239' title='bbox 744 3285 784 3356; x_wconf 88' lang='lat' dir='ltr'><strong>[l]‚</strong></span> <span class='ocrx_word' id='word_1_240' title='bbox 803 3286 858 3340; x_wconf 87' lang='lat' dir='ltr'><strong>und</strong></span> <span class='ocrx_word' id='word_1_241' title='bbox 875 3287 933 3342; x_wconf 83' lang='lat' dir='ltr'><strong>dats</strong></span> <span class='ocrx_word' id='word_1_242' title='bbox 950 3285 1076 3343; x_wconf 78' lang='lat' dir='ltr'><strong>liudocia</strong></span> <span class='ocrx_word' id='word_1_243' title='bbox 1093 3287 1170 3341; x_wconf 90' lang='lat' dir='ltr'><strong>nicht</strong></span> <span class='ocrx_word' id='word_1_244' title='bbox 1187 3287 1240 3343; x_wconf 91' lang='lat' dir='ltr'><strong>den</strong></span> <span class='ocrx_word' id='word_1_245' title='bbox 1254 3287 1447 3344; x_wconf 76' lang='lat' dir='ltr'><strong>Suidasartilel</strong></span> 
     </span>
     <span class='ocr_line' id='line_1_30' title="bbox 230 3371 1448 3446; baseline 0.001 -18"><span class='ocrx_word' id='word_1_246' title='bbox 230 3373 350 3442; x_wconf 80' lang='lat' dir='ltr'><strong>gakannt</strong></span> <span class='ocrx_word' id='word_1_247' title='bbox 371 3372 461 3428; x_wconf 86' lang='lat' dir='ltr'><strong>haben</strong></span> <span class='ocrx_word' id='word_1_248' title='bbox 485 3371 559 3426; x_wconf 83' lang='lat' dir='ltr'><strong>lrann</strong></span> <span class='ocrx_word' id='word_1_249' title='bbox 578 3373 616 3444; x_wconf 84' lang='grc'><strong>[1].</strong></span> <span class='ocrx_word' id='word_1_250' title='bbox 653 3373 696 3428; x_wconf 86' lang='lat' dir='ltr'><strong>Da</strong></span> <span class='ocrx_word' id='word_1_251' title='bbox 719 3389 776 3428; x_wconf 93' lang='lat' dir='ltr'><strong>nun</strong></span> <span class='ocrx_word' id='word_1_252' title='bbox 798 3375 869 3429; x_wconf 83' lang='lat' dir='ltr'><strong>anch</strong></span> <span class='ocrx_word' id='word_1_253' title='bbox 894 3375 1001 3445; x_wconf 82' lang='lat' dir='ltr'><strong>Hesych</strong></span> <span class='ocrx_word' id='word_1_254' title='bbox 1030 3391 1080 3430; x_wconf 86' lang='lat' dir='ltr'><strong>aas</strong></span> <span class='ocrx_word' id='word_1_255' title='bbox 1107 3375 1251 3432; x_wconf 85' lang='lat' dir='ltr'><strong>dorselben</strong></span> <span class='ocrx_word' id='word_1_256' title='bbox 1279 3377 1378 3446; x_wconf 80' lang='lat' dir='ltr'><strong>quello,</strong></span> <span class='ocrx_word' id='word_1_257' title='bbox 1403 3393 1448 3432; x_wconf 85' lang='lat' dir='ltr'><strong>ans</strong></span> 
     </span>
     <span class='ocr_line' id='line_1_31' title="bbox 229 3461 1448 3534; baseline 0.005 -18"><span class='ocrx_word' id='word_1_258' title='bbox 229 3461 366 3530; x_wconf 81' lang='lat' dir='ltr'><strong>Diogenen</strong></span> <span class='ocrx_word' id='word_1_259' title='bbox 385 3462 429 3530; x_wconf 86' lang='lat' dir='ltr'><strong>[l]‚</strong></span> <span class='ocrx_word' id='word_1_260' title='bbox 446 3461 590 3530; x_wconf 83' lang='lat' dir='ltr'><strong>geschoplt</strong></span> <span class='ocrx_word' id='word_1_261' title='bbox 607 3463 665 3528; x_wconf 87' lang='lat' dir='ltr'><strong>hat,</strong></span> <span class='ocrx_word' id='word_1_262' title='bbox 683 3463 740 3518; x_wconf 84' lang='lat' dir='ltr'><strong>und</strong></span> <span class='ocrx_word' id='word_1_263' title='bbox 760 3462 857 3518; x_wconf 84' lang='lat' dir='ltr'><strong>Suidaa</strong></span> <span class='ocrx_word' id='word_1_264' title='bbox 874 3463 925 3519; x_wconf 83' lang='lat' dir='ltr'><strong>trio</strong></span> <span class='ocrx_word' id='word_1_265' title='bbox 943 3463 1069 3520; x_wconf 83' lang='lat' dir='ltr'><strong>Eadoeia</strong></span> <span class='ocrx_word' id='word_1_266' title='bbox 1086 3464 1346 3522; x_wconf 83' lang='lat' dir='ltr'><strong>uhereinatimmend</strong></span> <span class='ocrx_word' id='word_1_267' title='bbox 1364 3481 1448 3534; x_wconf 66' lang='lat' dir='ltr'><strong>agen,</strong></span> 
     </span>
     <span class='ocr_line' id='line_1_32' title="bbox 231 3548 1447 3623; baseline 0 -19"><span class='ocrx_word' id='word_1_268' title='bbox 231 3548 359 3620; x_wconf 75' lang='grc' dir='ltr'><strong>συγγενὴς</strong></span> <span class='ocrx_word' id='word_1_269' title='bbox 381 3551 428 3602; x_wconf 76' lang='grc' dir='ltr'><strong>καὶ</strong></span> <span class='ocrx_word' id='word_1_270' title='bbox 451 3549 571 3620; x_wconf 71' lang='grc' dir='ltr'><strong>μαθητὴς</strong></span> <span class='ocrx_word' id='word_1_271' title='bbox 592 3552 639 3602; x_wconf 76' lang='grc' dir='ltr'><strong>καὶ</strong></span> <span class='ocrx_word' id='word_1_272' title='bbox 661 3549 789 3623; x_wconf 71' lang='grc' dir='ltr'><strong>διάδοχος</strong></span> <span class='ocrx_word' id='word_1_273' title='bbox 808 3552 934 3622; x_wconf 67' lang='grc' dir='ltr'><strong>Θάλητος,</strong></span> <span class='ocrx_word' id='word_1_274' title='bbox 958 3553 1059 3608; x_wconf 77' lang='lat' dir='ltr'><strong>welche</strong></span> <span class='ocrx_word' id='word_1_275' title='bbox 1084 3559 1169 3608; x_wconf 77' lang='lat' dir='ltr'><strong>worto</strong></span> <span class='ocrx_word' id='word_1_276' title='bbox 1193 3553 1221 3607; x_wconf 92' lang='lat' dir='ltr'><strong>in</strong></span> <span class='ocrx_word' id='word_1_277' title='bbox 1246 3569 1356 3610; x_wconf 82' lang='lat' dir='ltr'><strong>unscrm</strong></span> <span class='ocrx_word' id='word_1_278' title='bbox 1374 3555 1447 3622; x_wconf 83' lang='lat' dir='ltr'><strong>Diog.</strong></span> 
     </span>
     <span class='ocr_line' id='line_1_33' title="bbox 231 3635 1449 3712; baseline 0.002 -21"><span class='ocrx_word' id='word_1_279' title='bbox 231 3635 332 3702; x_wconf 87' lang='lat' dir='ltr'><strong>iohlen,</strong></span> <span class='ocrx_word' id='word_1_280' title='bbox 351 3651 382 3692; x_wconf 88' lang='lat' dir='ltr'><strong>ro</strong></span> <span class='ocrx_word' id='word_1_281' title='bbox 401 3636 438 3692; x_wconf 86' lang='lat' dir='ltr'><strong>ist</strong></span> <span class='ocrx_word' id='word_1_282' title='bbox 456 3637 658 3708; x_wconf 88' lang='lat' dir='ltr'><strong>einlouchtend,</strong></span> <span class='ocrx_word' id='word_1_283' title='bbox 675 3639 735 3694; x_wconf 85' lang='lat' dir='ltr'><strong>dala</strong></span> <span class='ocrx_word' id='word_1_284' title='bbox 754 3657 851 3696; x_wconf 89' lang='lat' dir='ltr'><strong>unsere</strong></span> <span class='ocrx_word' id='word_1_285' title='bbox 870 3641 1075 3712; x_wconf 79' lang='lat' dir='ltr'><strong>therlieicrung</strong></span> <span class='ocrx_word' id='word_1_286' title='bbox 1092 3642 1141 3698; x_wconf 90' lang='lat' dir='ltr'><strong>des</strong></span> <span class='ocrx_word' id='word_1_287' title='bbox 1153 3641 1233 3712; x_wconf 87' lang='lat' dir='ltr'><strong>Diog.</strong></span> <span class='ocrx_word' id='word_1_288' title='bbox 1253 3641 1449 3708; x_wconf 76' lang='lat' dir='ltr'><strong>unrollsthndig</strong></span> 
     </span>
     <span class='ocr_line' id='line_1_34' title="bbox 232 3723 1447 3800; baseline 0.004 -23"><span class='ocrx_word' id='word_1_289' title='bbox 232 3723 285 3778; x_wconf 82' lang='lat' dir='ltr'><strong>ist’</strong></span> <span class='ocrx_word' id='word_1_290' title='bbox 316 3723 413 3780; x_wconf 87' lang='lat' dir='ltr'><strong>Omnia</strong></span> <span class='ocrx_word' id='word_1_291' title='bbox 430 3725 498 3780; x_wconf 90' lang='lat' dir='ltr'><strong>haec</strong></span> <span class='ocrx_word' id='word_1_292' title='bbox 517 3725 620 3781; x_wconf 80' lang='lat' dir='ltr'><strong>frustra</strong></span> <span class='ocrx_word' id='word_1_293' title='bbox 639 3728 812 3796; x_wconf 82' lang='lat' dir='ltr'><strong>excogitavit,</strong></span> <span class='ocrx_word' id='word_1_294' title='bbox 831 3730 959 3800; x_wconf 86' lang='lat' dir='ltr'><strong>quoniam</strong></span> <span class='ocrx_word' id='word_1_295' title='bbox 980 3731 1079 3788; x_wconf 87' lang='lat' dir='ltr'><strong>Suidae</strong></span> <span class='ocrx_word' id='word_1_296' title='bbox 1098 3739 1127 3786; x_wconf 89' lang='lat' dir='ltr'><strong>et</strong></span> <span class='ocrx_word' id='word_1_297' title='bbox 1144 3731 1286 3786; x_wconf 83' lang='lat' dir='ltr'><strong>Eudociae</strong></span> <span class='ocrx_word' id='word_1_298' title='bbox 1307 3731 1447 3788; x_wconf 86' lang='lat' dir='ltr'><strong>concordia</strong></span> 
     </span>
     <span class='ocr_line' id='line_1_35' title="bbox 232 3811 1447 3888; baseline 0.002 -20"><span class='ocrx_word' id='word_1_299' title='bbox 232 3811 315 3868; x_wconf 88' lang='lat' dir='ltr'><strong>etiam</strong></span> <span class='ocrx_word' id='word_1_300' title='bbox 337 3828 376 3866; x_wconf 85' lang='lat' dir='ltr'><strong>ex</strong></span> <span class='ocrx_word' id='word_1_301' title='bbox 398 3813 552 3882; x_wconf 86' lang='lat' dir='ltr'><strong>planiore</strong></span> <span class='ocrx_word' id='word_1_302' title='bbox 576 3815 702 3872; x_wconf 81' lang='lat' dir='ltr'><strong>Suidae</strong></span> <span class='ocrx_word' id='word_1_303' title='bbox 730 3817 848 3874; x_wconf 88' lang='lat' dir='ltr'><strong>codice</strong></span> <span class='ocrx_word' id='word_1_304' title='bbox 876 3819 1037 3888; x_wconf 81' lang='lat' dir='ltr'><strong>explicatur.</strong></span> <span class='ocrx_word' id='word_1_305' title='bbox 1080 3819 1133 3874; x_wconf 87' lang='lat' dir='ltr'><strong>Hic</strong></span> <span class='ocrx_word' id='word_1_306' title='bbox 1161 3819 1247 3888; x_wconf 89' lang='lat' dir='ltr'><strong>igitur</strong></span> <span class='ocrx_word' id='word_1_307' title='bbox 1269 3820 1402 3876; x_wconf 88' lang='lat' dir='ltr'><strong>articulus</strong></span> <span class='ocrx_word' id='word_1_308' title='bbox 1423 3819 1447 3872; x_wconf 91' lang='lat' dir='ltr'><strong>in</strong></span> 
     </span>
     <span class='ocr_line' id='line_1_36' title="bbox 233 3902 1447 3978; baseline 0.007 -24"><span class='ocrx_word' id='word_1_309' title='bbox 233 3907 357 3956; x_wconf 86' lang='lat' dir='ltr'><strong>neutram</strong></span> <span class='ocrx_word' id='word_1_310' title='bbox 376 3909 481 3968; x_wconf 86' lang='lat' dir='ltr'><strong>partem</strong></span> <span class='ocrx_word' id='word_1_311' title='bbox 500 3902 677 3960; x_wconf 83' lang='lat' dir='ltr'><strong>adhibendus</strong></span> <span class='ocrx_word' id='word_1_312' title='bbox 700 3935 732 3944; x_wconf 92' lang='lat'>—</span> <span class='ocrx_word' id='word_1_313' title='bbox 752 3905 829 3974; x_wconf 78' lang='lat' dir='ltr'><strong>Quod</strong></span> <span class='ocrx_word' id='word_1_314' title='bbox 848 3907 949 3962; x_wconf 87' lang='lat' dir='ltr'><strong>attinet</strong></span> <span class='ocrx_word' id='word_1_315' title='bbox 966 3908 1001 3964; x_wconf 91' lang='lat' dir='ltr'><strong>ad</strong></span> <span class='ocrx_word' id='word_1_316' title='bbox 1014 3909 1187 3978; x_wconf 81' lang='lat' dir='ltr'><strong>Pythagorae</strong></span> <span class='ocrx_word' id='word_1_317' title='bbox 1201 3909 1285 3964; x_wconf 81' lang='lat' dir='ltr'><strong>vitam</strong></span> <span class='ocrx_word' id='word_1_318' title='bbox 1299 3909 1447 3972; x_wconf 81' lang='lat' dir='ltr'><strong>Suidanam,</strong></span> 
     </span>
     <span class='ocr_line' id='line_1_37' title="bbox 234 3987 1447 4066; baseline 0.003 -22"><span class='ocrx_word' id='word_1_319' title='bbox 234 3987 330 4044; x_wconf 89' lang='lat' dir='ltr'><strong>Rohde</strong></span> <span class='ocrx_word' id='word_1_320' title='bbox 358 3996 438 4044; x_wconf 87' lang='lat' dir='ltr'><strong>caute</strong></span> <span class='ocrx_word' id='word_1_321' title='bbox 465 3990 499 4045; x_wconf 86' lang='lat' dir='ltr'><strong>do</strong></span> <span class='ocrx_word' id='word_1_322' title='bbox 521 3991 670 4048; x_wconf 81' lang='lat' dir='ltr'><strong>Laertiaua</strong></span> <span class='ocrx_word' id='word_1_323' title='bbox 692 3993 796 4064; x_wconf 80' lang='lat' dir='ltr'><strong>ortgine</strong></span> <span class='ocrx_word' id='word_1_324' title='bbox 824 4011 852 4050; x_wconf 87' lang='lat' dir='ltr'><strong>ao</strong></span> <span class='ocrx_word' id='word_1_325' title='bbox 880 3996 1006 4052; x_wconf 86' lang='lat' dir='ltr'><strong>dubitare</strong></span> <span class='ocrx_word' id='word_1_326' title='bbox 1034 3997 1104 4052; x_wconf 81' lang='lat' dir='ltr'><strong>dixit</strong></span> <span class='ocrx_word' id='word_1_327' title='bbox 1133 3998 1214 4066; x_wconf 90' lang='lat' dir='ltr'><strong>[mus.</strong></span> <span class='ocrx_word' id='word_1_328' title='bbox 1237 3997 1314 4054; x_wconf 88' lang='lat' dir='ltr'><strong>rhen.</strong></span> <span class='ocrx_word' id='word_1_329' title='bbox 1334 3994 1447 4052; x_wconf 79' lang='lat' dir='ltr'>XXXIII</span> 
     </span>
     <span class='ocr_line' id='line_1_38' title="bbox 234 4077 1220 4154; baseline 0.007 -25"><span class='ocrx_word' id='word_1_330' title='bbox 234 4093 260 4145; x_wconf 94' lang='lat' dir='ltr'><strong>p.</strong></span> <span class='ocrx_word' id='word_1_331' title='bbox 275 4077 326 4132; x_wconf 75' lang='lat'><strong>205</strong></span> <span class='ocrx_word' id='word_1_332' title='bbox 345 4079 395 4147; x_wconf 90' lang='lat' dir='ltr'><strong>n.],</strong></span> <span class='ocrx_word' id='word_1_333' title='bbox 413 4077 523 4132; x_wconf 80' lang='lat' dir='ltr'><strong>fortiter</strong></span> <span class='ocrx_word' id='word_1_334' title='bbox 542 4095 599 4134; x_wconf 83' lang='lat' dir='ltr'><strong>oum</strong></span> <span class='ocrx_word' id='word_1_335' title='bbox 618 4081 744 4137; x_wconf 83' lang='lat' dir='ltr'><strong>adfirmat</strong></span> <span class='ocrx_word' id='word_1_336' title='bbox 756 4083 899 4154; x_wconf 74' lang='lat' dir='ltr'><strong>Flachius3</strong></span> <span class='ocrx_word' id='word_1_337' title='bbox 919 4085 1067 4154; x_wconf 78' lang='lat' dir='ltr'><strong>quatiere</strong></span> <span class='ocrx_word' id='word_1_338' title='bbox 1087 4085 1121 4139; x_wconf 84' lang='lat' dir='ltr'><strong>cf.</strong></span> <span class='ocrx_word' id='word_1_339' title='bbox 1140 4083 1220 4140; x_wconf 87' lang='lat' dir='ltr'><strong>inira.</strong></span> 
     </span>
    </p>
   </div>
   <div class='ocr_carea' id='block_1_4' title="bbox 0 0 1522 4858">
    <p class='ocr_par' dir='ltr' id='par_1_7' title="bbox 0 0 1522 4858">
     <span class='ocr_line' id='line_1_39' title="bbox 0 0 1522 4858; baseline 0 0"><span class='ocrx_word' id='word_1_340' title='bbox 0 0 1522 4858; x_wconf 95' lang='lat' dir='ltr'><strong> </strong></span> 
     </span>
    </p>
   </div>
  </div>
 </body>
</html>
