3010 4866
217 155 279 280 18κ

213 393 275 476 μὲν
297 389 358 456 οὖν
380 389 560 457 σπουδσῐον
582 385 695 456 οὐδέν·
720 391 761 455 τὰ
784 389 820 454 δὲ
842 389 953 473 βιβλλα
969 389 1069 456 αὐτοῦ
1085 389 1208 456 πολλοῦ
1222 389 1443 468 καταγέλωτος
1498 391 1499 426 l

213 501 303 582 γέμει
336 503 391 562 καλ
424 523 455 562 τι
488 501 564 564 ἴσον
596 507 662 572 τοϊς
695 496 888 584 Μελεάγρου
921 494 981 564 τοῦ
1015 501 1083 562 κατ’
1115 493 1217 564 αδτδν
1254 501 1440 580 γενομένου.

259 607 430 689 Menippus
465 607 621 689 Meleagri
656 605 801 688 aequalis
834 607 1004 672 inducitur.
1064 609 1107 672 Aa
1141 607 1197 672 ille
1234 626 1259 671 o.
1286 609 1354 672 250
1390 603 1440 689 [cl.

215 715 398 780 Nietzschei
422 734 529 797 progr.
556 734 586 796 p.
612 715 655 778 28
672 713 756 798 squ]
781 715 874 794 vixit,
899 714 1056 797 Meleagri
1086 720 1235 780 senectus
1258 715 1292 778 in
1317 711 1441 778 Seleuci

215 823 321 888 ultimi
345 841 478 904 regnum
503 821 606 905 [93-
621 840 647 886 c.
666 821 722 906 80]
746 819 918 902 incidit.¹¹)
958 823 1081 904 Aperta
1104 827 1155 886 est
1177 819 1364 898 difficultas,
1386 837 1442 884 nec

215 931 331 995 mirum
355 929 442 1012 quod
465 929 499 994 in
522 929 668 994 diversas
692 929 795 994 critici
819 929 969 994 abierunt
992 930 1202 1008 coniecturas,
1228 946 1299 992 cum
1316 927 1359 992 de
1377 945 1442 990 cor·

214 1037 343 1118 ruptela
367 1037 594 1101 consentirent.
632 1035 766 1101 Missum
789 1036 872 1102 lacio
889 1056 959 1102 eum
976 1035 1199 1101 Nietnscheum
1225 1038 1298 1097 ‘aet
1323 1031 1442 1099 αὐτοῦ

214 1147 389 1226 γενομένου
413 1145 583 1209 κυνικοῦ’
609 1143 802 1210 scribentem
827 1144 920 1228 [mna.
946 1144 1035 1209 rheu.
1053 1143 1159 1208 XXIV
1181 1162 1212 1224 p.
1234 1143 1305 1205 192.
1333 1160 1441 1222 progr.

214 1271 245 1333 p.
265 1251 322 1335 32]
339 1255 407 1315 tum
424 1257 604 1316 ceterorum
623 1249 683 1334 1¹¹³)
698 1269 781 1315 vana
797 1252 979 1316 conamina:
997 1249 1147 1316 evellitur
1163 1249 1344 1330 scrupulus
1369 1249 1442 1313 duur

214 1377 255 1424 ue
286 1359 501 1424 coniecturam
536 1359 730 1440 pericliteris
759 1359 816 1422 sed
850 1359 1161 1440 interpretationem.
1217 1357 1300 1434 Quid
1338 1355 1444 1422 enim?
1498 1437 1499 1450 ρ

216 1463 249 1529 Si
273 1465 371 1530 verba
394 1465 515 1530 Dioclis
538 1484 640 1547 usque
664 1466 704 1530 ad
729 1465 887 1548 Meleagri
917 1466 1104 1530 memoriam
1133 1465 1180 1529 ita
1204 1463 1443 1542 continuantur,

214 1577 252 1636 ut
274 1571 315 1636 ad
338 1571 483 1637 Dioclem
513 1570 624 1636 infelix
653 1573 733 1636 illud
763 1573 844 1636 ‘aar'
875 1568 987 1637 αὐτόν’
1018 1571 1188 1652 referatur,
1217 1591 1324 1637 noune
1350 1591 1444 1653 expe-

215 1678 347 1743 diuntur
371 1680 498 1744 omnia?
533 1679 661 1744 Diocles
685 1697 756 1744 cum
780 1681 965 1762 scripsisset
989 1676 1044 1743 ‘rol
1073 1679 1108 1742 δὲ
1131 1679 1242 1760 βιβλία
1266 1683 1444 1744 Μενίππου

215 1784 341 1851 πολλοῦ
368 1785 586 1865 καταγέλωτος
614 1791 701 1871 γέμει
729 1791 785 1850 καί
813 1810 843 1850 τι
866 1791 939 1852 ἴσον
966 1800 1034 1862 τοῖς
1058 1785 1253 1871 Μελεάγρου
1282 1789 1343 1850 τοῦ
1366 1789 1445 1850 καθ’

214 1893 299 1976 ἡμᾶς
313 1889 562 1976 γενομένοτν’”),
587 1893 736 1960 Laertius
757 1895 837 1959 illud
860 1895 939 1957 καθ’
966 1892 1048 1978 ἡμᾶς
1068 1899 1190 1959 temere
1206 1895 1237 1958 iu
1254 1895 1326 1958 κατ’
1345 1890 1445 1958 αὐτὸν

215 2000 460 2065 transmutando
490 2001 559 2082 ipse
589 2002 742 2084 corrupit.
801 2003 923 2067 Tantae
952 2002 1118 2068 socordiae
1147 2001 1265 2066 similia
1293 2007 1446 2082 prostant

216 2103 421 2191 exempla.¹³)
437 2107 541 2172 -Ut
565 2126 721 2173 summam
737 2107 862 2188 faciam,
880 2109 1037 2191 Meleagri
1060 2110 1160 2174 vitam
1176 2108 1305 2174 Diocles
1322 2107 1444 2190 attigit

217 2214 308 2291 Quod
332 2233 401 2278 cum
425 2215 534 2296 priore
553 2221 666 2280 nostra
682 2217 808 2282 ratione
823 2217 905 2281 bene
927 2217 1100 2298 conspirat,
1125 2217 1219 2280 modo
1236 2216 1269 2280 in
1287 2215 1445 2296 Meleagri

216 2327 415 2386 senectutem
440 2323 658 2388 adulescentia
681 2323 802 2389 Dioclis
825 2323 984 2388 inciderit.

305 2430 335 2492 4.
361 2427 403 2493 Et
426 2428 505 2494 illud
529 2429 658 2512 quidem
682 2435 734 2496 sat
752 2431 891 2496 dilucide
914 2432 985 2514 ipse
1001 2429 1204 2512 Meleager
1227 2429 1260 2494 iu
1285 2429 1444 2494 ‘coronae'

217 2533 417 2615 praefatione
440 2536 604 2617 professus
628 2544 692 2602 est:

328 2647 449 2707 Μοῦσα
473 2645 565 2729 φίλη,
589 2649 652 2709 τίνι
675 2642 770 2730 τήνδε
793 2649 900 2731 φέρεις
923 2641 1121 2731 πάγκαρπον
1143 2640 1278 2730 dcccliv,-

373 2749 460 2834 ἢτίς
483 2748 500 2816 ὁ
523 2756 579 2815 καὶ
600 2753 711 2832 τεύξας
734 2750 923 2836 δμνοδετᾶν
945 2755 1127 2837 στέφανον;

328 2857 427 2922 ἄνυσε
449 2861 510 2940 μὲν
533 2859 731 2947 Μελέαγρος,
757 2855 931 2948 δριζοὶλῳ
954 2861 997 2925 δὲ
1021 2858 1186 2926 Διοκλεῖ

372 2964 585 3048 μναμόσυνον
607 2966 729 3034 radron
751 2965 922 3054 ἐξεπόνησε
945 2965 1049 3054 χάριν.

288 3105 325 3176 ¹¹)
343 3103 377 3158 cl.
402 3105 485 3162 schol.
513 3107 616 3163 anthol.
640 3125 667 3179 p.
692 3112 726 3165 82
754 3109 797 3164 ant
825 3108 953 3163 Σελεύκου
981 3109 1027 3162 rod
1055 3105 1166 3179 ἐσχάτου
1190 3105 1343 3177 [ea-80]:
1368 3105 1449 3160 cuius

216 3191 297 3250 fidem
316 3193 462 3250 Jacobaiua
481 3196 595 3267 [anthol.
614 3215 653 3268 gr.
673 3197 712 3252 VI
731 3199 765 3254 37
785 3197 855 3268 sopp]
875 3199 931 3252 snia
950 3195 1085 3267 computis
1107 3196 1305 3266 comprobarit.

289 3268 340 3354 111’)
357 3285 403 3338 τοῦ
422 3287 468 3338 καὶ
486 3285 565 3341 αὐτοῦ
583 3288 692 3342 κυνικοῦ
714 3293 860 3359 γενομένου
878 3287 1022 3342 Heckerus
1046 3285 1153 3357 [philol.
1170 3285 1194 3342 V
1213 3286 1287 3356 4341.

289 3371 327 3444 ¹²)
346 3373 451 3429 Eodem
469 3375 550 3430 modo
570 3375 669 3432 Strabo
689 3392 771 3446 saepe
791 3393 814 3431 e.
833 3393 873 3446 gr.
891 3393 917 3446 p.
937 3379 1002 3433 759:
1021 3381 1050 3430 ἔκ
1066 3397 1093 3431 τι
1111 3377 1164 3430 τῶν
1178 3375 1311 3446 Μάρων
1328 3373 1449 3440 daldor-

217 3459 269 3534 μός
287 3481 314 3518 τε
333 3459 347 3517 ὅ
366 3462 540 3535 Επικοδρειος
559 3466 604 3518 καλ
621 3464 832 3538 δΜελὲαγροςὸ
855 3469 1059 3538 σπουδογέλοιος
1079 3467 1126 3519 καὶ
1147 3463 1324 3535 Θεόδωρος
1341 3460 1355 3517 ὁ
1374 3463 1449 3518 καθ’

218 3549 303 3622 ἡμεῖς
320 3551 435 3624 ῥήτωρ.
455 3585 488 3594 -
506 3553 584 3608 Ηεσο
604 3554 859 3624 interpretationem
878 3561 907 3610 et
925 3553 1150 3610 Wilamowitzius
1169 3559 1267 3621 elego
1286 3553 1450 3608 invenimus.

289 3639 326 3709 ¹³)
345 3641 434 3696 Unum
453 3639 571 3696 sufficiat
584 3641 651 3697 VIII
665 3645 698 3699 90
718 3659 752 3698 ex
771 3644 828 3698 vita
840 3643 950 3698 Eudoxi
969 3649 1118 3712 sumptum:

253 3729 280 3798 a)
306 3728 434 3801 γεγόνασι
452 3731 482 3784 δὲ
494 3729 609 3792 Εὔδοξοι
628 3739 709 3804 τρεῖς·
729 3731 808 3793 αὐτὸς
827 3726 915 3794 οὗτος·
934 3733 1019 3804 ἕτερος
1034 3729 1135 3794 Ῥόδιος
1154 3733 1272 3801 ἱστορίας
1291 3731 1450 3803 γεγραφώς·

307 3824 394 3889 τρίτος
413 3821 622 3888 Σικελιώτης...
642 3827 719 3883 υλκας
743 3819 808 3877 ἑλῶν
831 3820 944 3884 ἀστικὰς
967 3823 1019 3894 μέν
1042 3828 1120 3893 τρεῖς,
1146 3820 1281 3887 Ληναϊκὰς
1307 3823 1337 3876 δὲ
1362 3825 1451 3888 πέντε,

307 3907 506 3979 καθδφησιν
527 3907 768 3982 Ἀπολλόδωρος
792 3914 825 3964 λυ
844 3917 1037 3982 Χρονικοῖς.

253 3989 285 4061 b)
309 3987 468 4065 εδρίσκομεν
487 3995 516 4048 δὲ
535 3995 581 4048 καλ
598 3993 678 4050 ἄλλον
697 3995 789 4067 ἰατρὸν
807 3997 932 4060 Κνίδιον,
957 3997 1019 4066 περὶ
1037 3987 1069 4050 οὗ
1089 4015 1169 4064 φησιν
1185 3991 1334 4056 Εὔδοξος
1352 3997 1381 4048 ἐν
1401 3995 1451 4066 γῆς

308 4095 341 4130 σε
359 4075 405 4130 ιόδ

255 4160 281 4228 ο)
308 4157 323 4214 ὁ
342 4097 375 4216 δι’
394 4097 492 4225 diris
513 4165 583 4234 [scil.
602 4164 786 4234 Apollodorus
805 4166 1043 4236 chronographus]
1065 4187 1128 4236 :ppos
1147 4166 1205 4220 τὸν
1220 4169 1367 4220 Κνίδιοι
1386 4165 1449 4218 Κλ-

309 4249 408 4308 δοξον
426 4247 487 4319 [γῆς
506 4249 630 4319 περιόδου
648 4251 824 4321 scriptorem]
845 4250 969 4323 ἀκμάσαι
986 4255 1040 4306 κτλ,
1061 4249 1106 4322 [cf.
1125 4267 1152 4320 p.
1171 4251 1206 4306 43
1224 4249 1297 4320 sqq-J
