<?xml version="1.0" encoding="UTF-8"?>
<!DOCTYPE html PUBLIC "-//W3C//DTD XHTML 1.0 Transitional//EN"
    "http://www.w3.org/TR/xhtml1/DTD/xhtml1-transitional.dtd">
<html xmlns="http://www.w3.org/1999/xhtml" xml:lang="en" lang="en">
 <head>
  <title>
</title>
<meta http-equiv="Content-Type" content="text/html;charset=utf-8" />
  <meta name='ocr-system' content='tesseract 3.04.00' />
  <meta name='ocr-capabilities' content='ocr_page ocr_carea ocr_par ocr_line ocrx_word'/>
</head>
<body>
  <div class='ocr_page' id='page_1' title='image "./philologischeun00maasgoog/philologischeun00maasgoog_0537.png"; bbox 0 0 3016 4858; ppageno 0'>
   <div class='ocr_carea' id='block_1_1' title="bbox 224 197 287 262">
    <p class='ocr_par' dir='ltr' id='par_1_1' title="bbox 224 197 287 262">
     <span class='ocr_line' id='line_1_1' title="bbox 224 197 287 262; baseline 0.032 -2"><span class='ocrx_word' id='word_1_1' title='bbox 224 197 287 262; x_wconf 87' lang='lat'>160</span> 
     </span>
    </p>
   </div>
   <div class='ocr_carea' id='block_1_2' title="bbox 221 371 1496 3884">
    <p class='ocr_par' dir='ltr' id='par_1_2' title="bbox 221 371 1496 3884">
     <span class='ocr_line' id='line_1_2' title="bbox 221 371 1441 456; baseline -0.002 -18"><span class='ocrx_word' id='word_1_2' title='bbox 221 373 248 438; x_wconf 90' lang='lat' dir='ltr'>si</span> <span class='ocrx_word' id='word_1_3' title='bbox 272 373 356 454; x_wconf 89' lang='lat' dir='ltr'>inde,</span> <span class='ocrx_word' id='word_1_4' title='bbox 381 373 466 456; x_wconf 90' lang='lat' dir='ltr'>quod</span> <span class='ocrx_word' id='word_1_5' title='bbox 489 390 542 438; x_wconf 90' lang='lat' dir='ltr'>res</span> <span class='ocrx_word' id='word_1_6' title='bbox 565 377 644 438; x_wconf 88' lang='lat' dir='ltr'>nota</span> <span class='ocrx_word' id='word_1_7' title='bbox 667 375 765 454; x_wconf 88' lang='lat' dir='ltr'>alque</span> <span class='ocrx_word' id='word_1_8' title='bbox 788 371 828 438; x_wconf 91' lang='lat' dir='ltr'>de</span> <span class='ocrx_word' id='word_1_9' title='bbox 852 371 949 438; x_wconf 84' lang='lat' dir='ltr'>trivio</span> <span class='ocrx_word' id='word_1_10' title='bbox 972 377 1102 454; x_wconf 90' lang='lat' dir='ltr'>sumpta</span> <span class='ocrx_word' id='word_1_11' title='bbox 1125 371 1211 454; x_wconf 91' lang='lat' dir='ltr'>apud</span> <span class='ocrx_word' id='word_1_12' title='bbox 1226 371 1335 453; x_wconf 86' lang='lat' dir='ltr'>plures</span> <span class='ocrx_word' id='word_1_13' title='bbox 1359 387 1441 436; x_wconf 90' lang='lat' dir='ltr'>com·</span> 
     </span>
     <span class='ocr_line' id='line_1_3' title="bbox 221 477 1441 564; baseline -0.002 -18"><span class='ocrx_word' id='word_1_14' title='bbox 221 481 377 564; x_wconf 90' lang='lat' dir='ltr'>pilatores</span> <span class='ocrx_word' id='word_1_15' title='bbox 400 480 571 560; x_wconf 77' lang='lat' dir='ltr'>invenitur,</span> <span class='ocrx_word' id='word_1_16' title='bbox 597 479 783 561; x_wconf 81' lang='lat' dir='ltr'>ceteroquin</span> <span class='ocrx_word' id='word_1_17' title='bbox 807 485 939 545; x_wconf 88' lang='lat' dir='ltr'>auctore</span> <span class='ocrx_word' id='word_1_18' title='bbox 962 479 1100 561; x_wconf 84' lang='lat' dir='ltr'>privata,</span> <span class='ocrx_word' id='word_1_19' title='bbox 1130 479 1230 544; x_wconf 90' lang='lat' dir='ltr'>semel</span> <span class='ocrx_word' id='word_1_20' title='bbox 1253 477 1364 544; x_wconf 88' lang='lat' dir='ltr'>addito</span> <span class='ocrx_word' id='word_1_21' title='bbox 1388 498 1441 545; x_wconf 84' lang='lat' dir='ltr'>no</span> 
     </span>
     <span class='ocr_line' id='line_1_4' title="bbox 221 585 1441 670; baseline -0.003 -16"><span class='ocrx_word' id='word_1_22' title='bbox 221 589 307 654; x_wconf 89' lang='lat' dir='ltr'>mine</span> <span class='ocrx_word' id='word_1_23' title='bbox 345 587 424 654; x_wconf 91' lang='lat' dir='ltr'>item</span> <span class='ocrx_word' id='word_1_24' title='bbox 452 586 685 670; x_wconf 65' lang='lat' dir='ltr'>compilatoris</span> <span class='ocrx_word' id='word_1_25' title='bbox 719 585 888 652; x_wconf 82' lang='lat' dir='ltr'>deducitur</span> <span class='ocrx_word' id='word_1_26' title='bbox 919 587 1004 652; x_wconf 93' lang='lat' dir='ltr'>hunc</span> <span class='ocrx_word' id='word_1_27' title='bbox 1033 585 1276 668; x_wconf 80' lang='lat' dir='ltr'>compilatorem</span> <span class='ocrx_word' id='word_1_28' title='bbox 1304 586 1441 652; x_wconf 90' lang='lat' dir='ltr'>omnium</span> 
     </span>
     <span class='ocr_line' id='line_1_5' title="bbox 222 693 1441 778; baseline -0.005 -16"><span class='ocrx_word' id='word_1_29' title='bbox 222 713 293 762; x_wconf 91' lang='lat' dir='ltr'>esse</span> <span class='ocrx_word' id='word_1_30' title='bbox 315 693 446 761; x_wconf 88' lang='lat' dir='ltr'>iontem.</span> <span class='ocrx_word' id='word_1_31' title='bbox 493 693 579 778; x_wconf 91' lang='lat' dir='ltr'>quod</span> <span class='ocrx_word' id='word_1_32' title='bbox 608 693 669 760; x_wconf 91' lang='lat' dir='ltr'>tibi</span> <span class='ocrx_word' id='word_1_33' title='bbox 692 693 848 760; x_wconf 89' lang='lat' dir='ltr'>accidisse</span> <span class='ocrx_word' id='word_1_34' title='bbox 877 693 1019 760; x_wconf 90' lang='lat' dir='ltr'>arbitror</span> <span class='ocrx_word' id='word_1_35' title='bbox 1046 695 1080 759; x_wconf 90' lang='lat' dir='ltr'>in</span> <span class='ocrx_word' id='word_1_36' title='bbox 1104 693 1232 774; x_wconf 86' lang='lat' dir='ltr'>Sabino,</span> <span class='ocrx_word' id='word_1_37' title='bbox 1256 693 1388 760; x_wconf 82' lang='lat' dir='ltr'>rhetore</span> <span class='ocrx_word' id='word_1_38' title='bbox 1411 697 1441 756; x_wconf 88' lang='lat' dir='ltr'>et</span> 
     </span>
     <span class='ocr_line' id='line_1_6' title="bbox 221 800 1441 886; baseline -0.002 -18"><span class='ocrx_word' id='word_1_39' title='bbox 221 803 375 870; x_wconf 90' lang='lat' dir='ltr'>historico</span> <span class='ocrx_word' id='word_1_40' title='bbox 400 802 546 884; x_wconf 89' lang='lat' dir='ltr'>(scripsit</span> <span class='ocrx_word' id='word_1_41' title='bbox 569 802 654 866; x_wconf 91' lang='lat' dir='ltr'>enim</span> <span class='ocrx_word' id='word_1_42' title='bbox 676 800 812 866; x_wconf 87' lang='lat' dir='ltr'>Periclis</span> <span class='ocrx_word' id='word_1_43' title='bbox 835 801 948 886; x_wconf 85' lang='lat' dir='ltr'>vitam)</span> <span class='ocrx_word' id='word_1_44' title='bbox 971 801 1177 867; x_wconf 90' lang='lat' dir='ltr'>Hadriancae</span> <span class='ocrx_word' id='word_1_45' title='bbox 1201 801 1329 867; x_wconf 82' lang='lat' dir='ltr'>aetatis,</span> <span class='ocrx_word' id='word_1_46' title='bbox 1367 801 1441 865; x_wconf 83' lang='lat' dir='ltr'>Dio</span> 
     </span>
     <span class='ocr_line' id='line_1_7' title="bbox 222 905 1442 992; baseline -0.003 -17"><span class='ocrx_word' id='word_1_47' title='bbox 222 927 320 992; x_wconf 83' lang='lat' dir='ltr'>genes</span> <span class='ocrx_word' id='word_1_48' title='bbox 340 910 373 975; x_wconf 92' lang='lat' dir='ltr'>in</span> <span class='ocrx_word' id='word_1_49' title='bbox 389 909 545 975; x_wconf 87' lang='lat' dir='ltr'>laterculo</span> <span class='ocrx_word' id='word_1_50' title='bbox 561 907 791 990; x_wconf 90' lang='lat' dir='ltr'>discipulorum</span> <span class='ocrx_word' id='word_1_51' title='bbox 809 907 953 974; x_wconf 92' lang='lat' dir='ltr'>Platonis</span> <span class='ocrx_word' id='word_1_52' title='bbox 977 907 1111 990; x_wconf 77' lang='lat'>(11147)</span> <span class='ocrx_word' id='word_1_53' title='bbox 1134 905 1215 974; x_wconf 89' lang='lat' dir='ltr'>haec</span> <span class='ocrx_word' id='word_1_54' title='bbox 1237 907 1337 974; x_wconf 89' lang='lat' dir='ltr'>habet</span> <span class='ocrx_word' id='word_1_55' title='bbox 1352 906 1442 972; x_wconf 78' lang='lat' dir='ltr'>‘Ym-</span> 
     </span>
     <span class='ocr_line' id='line_1_8' title="bbox 221 1011 1442 1102; baseline -0.001 -22"><span class='ocrx_word' id='word_1_56' title='bbox 221 1017 327 1102; x_wconf 80' lang='grc' dir='ltr'><strong><em>ρείδην</em></strong></span> <span class='ocrx_word' id='word_1_57' title='bbox 350 1018 408 1082; x_wconf 78' lang='grc' dir='ltr'>τὸν</span> <span class='ocrx_word' id='word_1_58' title='bbox 431 1015 549 1102; x_wconf 72' lang='grc' dir='ltr'><strong><em>ῥήτορα</em></strong></span> <span class='ocrx_word' id='word_1_59' title='bbox 572 1013 769 1098; x_wconf 75' lang='grc' dir='ltr'><strong><em>Χαμαιλέων</em></strong></span> <span class='ocrx_word' id='word_1_60' title='bbox 792 1013 868 1100; x_wconf 76' lang='grc' dir='ltr'><strong><em>φησὶ</em></strong></span> <span class='ocrx_word' id='word_1_61' title='bbox 890 1013 944 1078; x_wconf 80' lang='grc' dir='ltr'>καί</span> <span class='ocrx_word' id='word_1_62' title='bbox 967 1017 1171 1098; x_wconf 75' lang='grc' dir='ltr'><strong><em>Λυκοῦργον·</em></strong></span> <span class='ocrx_word' id='word_1_63' title='bbox 1202 1011 1319 1099; x_wconf 77' lang='grc' dir='ltr'><strong><em>ὁμοίως</em></strong></span> <span class='ocrx_word' id='word_1_64' title='bbox 1343 1015 1442 1080; x_wconf 68' lang='lat' dir='ltr'>nole</span> 
     </span>
     <span class='ocr_line' id='line_1_9' title="bbox 221 1118 1443 1210; baseline -0.003 -22"><span class='ocrx_word' id='word_1_65' title='bbox 221 1146 291 1208; x_wconf 80' lang='grc' dir='ltr'>μων</span> <span class='ocrx_word' id='word_1_66' title='bbox 319 1121 450 1210; x_wconf 70' lang='grc' dir='ltr'><strong><em>ἱστορεῖ·</em></strong></span> <span class='ocrx_word' id='word_1_67' title='bbox 479 1123 535 1186; x_wconf 78' lang='grc' dir='ltr'>καί</span> <span class='ocrx_word' id='word_1_68' title='bbox 564 1124 778 1208; x_wconf 72' lang='grc' dir='ltr'><em>Δημοσθένην</em></span> <span class='ocrx_word' id='word_1_69' title='bbox 804 1123 944 1204; x_wconf 70' lang='grc' dir='ltr'><strong><em>Σαβῖνος</em></strong></span> <span class='ocrx_word' id='word_1_70' title='bbox 972 1120 1072 1202; x_wconf 68' lang='grc' dir='ltr'><strong><em>λέγει,</em></strong></span> <span class='ocrx_word' id='word_1_71' title='bbox 1105 1123 1356 1206; x_wconf 71' lang='grc' dir='ltr'>Μνησίστρατον</span> <span class='ocrx_word' id='word_1_72' title='bbox 1388 1118 1443 1186; x_wconf 75' lang='grc' dir='ltr'>τὸν</span> 
     </span>
     <span class='ocr_line' id='line_1_10' title="bbox 223 1225 1442 1316; baseline 0 -22"><span class='ocrx_word' id='word_1_73' title='bbox 223 1227 349 1296; x_wconf 78' lang='grc' dir='ltr'><strong><em>Θάσιον</em></strong></span> <span class='ocrx_word' id='word_1_74' title='bbox 383 1233 630 1316; x_wconf 74' lang='grc' dir='ltr'><strong><em>παραθέμενος,</em></strong></span> <span class='ocrx_word' id='word_1_75' title='bbox 671 1228 708 1296; x_wconf 73' lang='lat' dir='ltr'>dr</span> <span class='ocrx_word' id='word_1_76' title='bbox 740 1225 878 1316; x_wconf 76' lang='grc' dir='ltr'><strong><em>τετάρτῳ</em></strong></span> <span class='ocrx_word' id='word_1_77' title='bbox 911 1227 1111 1315; x_wconf 65' lang='grc' dir='ltr'><strong><em>μοίατητιιιῆς</em></strong></span> <span class='ocrx_word' id='word_1_78' title='bbox 1146 1225 1222 1314; x_wconf 78' lang='grc' dir='ltr'><strong><em>ὕλης</em></strong></span> <span class='ocrx_word' id='word_1_79' title='bbox 1258 1229 1321 1311; x_wconf 85' lang='lat' dir='ltr'>(ita</span> <span class='ocrx_word' id='word_1_80' title='bbox 1359 1230 1442 1294; x_wconf 85' lang='lat' dir='ltr'>enin</span> 
     </span>
     <span class='ocr_line' id='line_1_11' title="bbox 222 1333 1443 1420; baseline -0.001 -18"><span class='ocrx_word' id='word_1_81' title='bbox 222 1335 513 1420; x_wconf 86' lang='lat' dir='ltr'>distinguendum),</span> <span class='ocrx_word' id='word_1_82' title='bbox 544 1337 598 1400; x_wconf 77' lang='grc' dir='ltr'>καί</span> <span class='ocrx_word' id='word_1_83' title='bbox 618 1333 700 1411; x_wconf 72' lang='grc' dir='ltr'><strong><em>εἰκός</em></strong></span> <span class='ocrx_word' id='word_1_84' title='bbox 723 1335 817 1402; x_wconf 76' lang='grc' dir='ltr'><strong><em>ἐστιν.</em></strong></span> <span class='ocrx_word' id='word_1_85' title='bbox 865 1337 1005 1402; x_wconf 88' lang='lat' dir='ltr'>recurrit</span> <span class='ocrx_word' id='word_1_86' title='bbox 1027 1336 1114 1418; x_wconf 90' lang='lat' dir='ltr'>apud</span> <span class='ocrx_word' id='word_1_87' title='bbox 1136 1335 1278 1420; x_wconf 88' lang='lat' dir='ltr'>reliquos</span> <span class='ocrx_word' id='word_1_88' title='bbox 1301 1337 1443 1404; x_wconf 84' lang='lat' dir='ltr'>eiusdem</span> 
     </span>
     <span class='ocr_line' id='line_1_12' title="bbox 222 1443 1443 1526; baseline -0.001 -16"><span class='ocrx_word' id='word_1_89' title='bbox 222 1444 309 1510; x_wconf 87' lang='lat' dir='ltr'>vitae</span> <span class='ocrx_word' id='word_1_90' title='bbox 332 1443 520 1510; x_wconf 79' lang='lat' dir='ltr'>Platonicae</span> <span class='ocrx_word' id='word_1_91' title='bbox 547 1443 747 1510; x_wconf 84' lang='lat' dir='ltr'>breviatores</span> <span class='ocrx_word' id='word_1_92' title='bbox 770 1443 1019 1524; x_wconf 83' lang='lat' dir='ltr'>Demosthenes,</span> <span class='ocrx_word' id='word_1_93' title='bbox 1049 1443 1134 1509; x_wconf 91' lang='lat' dir='ltr'>unde</span> <span class='ocrx_word' id='word_1_94' title='bbox 1157 1448 1193 1510; x_wconf 91' lang='lat' dir='ltr'>tn</span> <span class='ocrx_word' id='word_1_95' title='bbox 1217 1443 1363 1526; x_wconf 82' lang='lat' dir='ltr'>deducis,</span> <span class='ocrx_word' id='word_1_96' title='bbox 1390 1443 1443 1510; x_wconf 89' lang='lat' dir='ltr'>Sa·</span> 
     </span>
     <span class='ocr_line' id='line_1_13' title="bbox 222 1549 1443 1635; baseline 0 -19"><span class='ocrx_word' id='word_1_97' title='bbox 222 1550 289 1616; x_wconf 89' lang='lat' dir='ltr'>bini</span> <span class='ocrx_word' id='word_1_98' title='bbox 313 1553 498 1617; x_wconf 87' lang='lat' dir='ltr'>memoriam</span> <span class='ocrx_word' id='word_1_99' title='bbox 527 1551 614 1616; x_wconf 88' lang='lat' dir='ltr'>vitae</span> <span class='ocrx_word' id='word_1_100' title='bbox 642 1551 689 1616; x_wconf 94' lang='lat' dir='ltr'>illi</span> <span class='ocrx_word' id='word_1_101' title='bbox 718 1549 861 1631; x_wconf 84' lang='lat' dir='ltr'>infuisse,</span> <span class='ocrx_word' id='word_1_102' title='bbox 891 1557 988 1633; x_wconf 90' lang='lat' dir='ltr'>atque</span> <span class='ocrx_word' id='word_1_103' title='bbox 1018 1556 1160 1618; x_wconf 87' lang='lat' dir='ltr'>aetatem</span> <span class='ocrx_word' id='word_1_104' title='bbox 1183 1549 1307 1618; x_wconf 89' lang='lat' dir='ltr'>definis.</span> <span class='ocrx_word' id='word_1_105' title='bbox 1355 1551 1443 1635; x_wconf 91' lang='lat' dir='ltr'>atqui</span> 
     </span>
     <span class='ocr_line' id='line_1_14' title="bbox 223 1657 1442 1742; baseline 0.001 -19"><span class='ocrx_word' id='word_1_106' title='bbox 223 1657 308 1723; x_wconf 90' lang='lat' dir='ltr'>lama</span> <span class='ocrx_word' id='word_1_107' title='bbox 343 1659 383 1725; x_wconf 93' lang='lat' dir='ltr'>de</span> <span class='ocrx_word' id='word_1_108' title='bbox 413 1658 629 1725; x_wconf 86' lang='lat' dir='ltr'>Demosthene</span> <span class='ocrx_word' id='word_1_109' title='bbox 664 1657 810 1724; x_wconf 90' lang='lat' dir='ltr'>Platonis</span> <span class='ocrx_word' id='word_1_110' title='bbox 845 1658 1001 1740; x_wconf 90' lang='lat' dir='ltr'>discipulo</span> <span class='ocrx_word' id='word_1_111' title='bbox 1037 1677 1132 1741; x_wconf 88' lang='lat' dir='ltr'>quarn</span> <span class='ocrx_word' id='word_1_112' title='bbox 1166 1659 1309 1742; x_wconf 81' lang='lat' dir='ltr'>vulgaris</span> <span class='ocrx_word' id='word_1_113' title='bbox 1336 1659 1442 1740; x_wconf 75' lang='lat' dir='ltr'>inerit,</span> 
     </span>
     <span class='ocr_line' id='line_1_15' title="bbox 223 1763 1441 1848; baseline 0.002 -18"><span class='ocrx_word' id='word_1_114' title='bbox 223 1767 293 1848; x_wconf 91' lang='lat' dir='ltr'>ipse</span> <span class='ocrx_word' id='word_1_115' title='bbox 317 1766 437 1847; x_wconf 90' lang='lat' dir='ltr'>optime</span> <span class='ocrx_word' id='word_1_116' title='bbox 466 1765 565 1830; x_wconf 89' lang='lat' dir='ltr'>habes</span> <span class='ocrx_word' id='word_1_117' title='bbox 595 1769 802 1846; x_wconf 89' lang='lat' dir='ltr'>compertum.</span> <span class='ocrx_word' id='word_1_118' title='bbox 850 1763 962 1846; x_wconf 91' lang='lat' dir='ltr'>quidni</span> <span class='ocrx_word' id='word_1_119' title='bbox 985 1783 1038 1830; x_wconf 88' lang='lat' dir='ltr'>res</span> <span class='ocrx_word' id='word_1_120' title='bbox 1058 1763 1192 1832; x_wconf 82' lang='lat' dir='ltr'>inhrisse</span> <span class='ocrx_word' id='word_1_121' title='bbox 1215 1772 1326 1848; x_wconf 86' lang='lat' dir='ltr'>potest</span> <span class='ocrx_word' id='word_1_122' title='bbox 1347 1767 1441 1846; x_wconf 80' lang='lat' dir='ltr'>vitae,</span> 
     </span>
     <span class='ocr_line' id='line_1_16' title="bbox 223 1870 1443 1954; baseline 0.002 -16"><span class='ocrx_word' id='word_1_123' title='bbox 223 1879 340 1938; x_wconf 85' lang='lat' dir='ltr'>testem</span> <span class='ocrx_word' id='word_1_124' title='bbox 369 1873 528 1940; x_wconf 82' lang='lat' dir='ltr'>novicium</span> <span class='ocrx_word' id='word_1_125' title='bbox 557 1872 596 1938; x_wconf 89' lang='lat' dir='ltr'>de</span> <span class='ocrx_word' id='word_1_126' title='bbox 628 1891 686 1938; x_wconf 93' lang='lat' dir='ltr'>suo</span> <span class='ocrx_word' id='word_1_127' title='bbox 717 1870 879 1938; x_wconf 83' lang='lat' dir='ltr'>addidisse</span> <span class='ocrx_word' id='word_1_128' title='bbox 907 1872 1092 1954; x_wconf 84' lang='lat' dir='ltr'>Diogenes?</span> <span class='ocrx_word' id='word_1_129' title='bbox 1126 1891 1189 1939; x_wconf 91' lang='lat' dir='ltr'>non</span> <span class='ocrx_word' id='word_1_130' title='bbox 1218 1873 1290 1940; x_wconf 89' lang='lat' dir='ltr'>dico</span> <span class='ocrx_word' id='word_1_131' title='bbox 1322 1881 1443 1940; x_wconf 90' lang='lat' dir='ltr'>certum</span> 
     </span>
     <span class='ocr_line' id='line_1_17' title="bbox 222 1977 1441 2063; baseline 0.001 -19"><span class='ocrx_word' id='word_1_132' title='bbox 222 1979 283 2046; x_wconf 90' lang='lat' dir='ltr'>hoc</span> <span class='ocrx_word' id='word_1_133' title='bbox 307 1997 388 2061; x_wconf 85' lang='lat' dir='ltr'>esse,</span> <span class='ocrx_word' id='word_1_134' title='bbox 418 1979 475 2046; x_wconf 91' lang='lat' dir='ltr'>sed</span> <span class='ocrx_word' id='word_1_135' title='bbox 498 1977 569 2044; x_wconf 90' lang='lat' dir='ltr'>lieri</span> <span class='ocrx_word' id='word_1_136' title='bbox 600 1979 660 2044; x_wconf 94' lang='lat' dir='ltr'>hoc</span> <span class='ocrx_word' id='word_1_137' title='bbox 688 1997 814 2062; x_wconf 91' lang='lat' dir='ltr'>quoqne</span> <span class='ocrx_word' id='word_1_138' title='bbox 837 1985 961 2061; x_wconf 86' lang='lat' dir='ltr'>potest,</span> <span class='ocrx_word' id='word_1_139' title='bbox 991 1985 1024 2046; x_wconf 92' lang='lat' dir='ltr'>et</span> <span class='ocrx_word' id='word_1_140' title='bbox 1052 1979 1129 2062; x_wconf 90' lang='lat' dir='ltr'>qnia</span> <span class='ocrx_word' id='word_1_141' title='bbox 1151 1978 1222 2046; x_wconf 89' lang='lat' dir='ltr'>lieri</span> <span class='ocrx_word' id='word_1_142' title='bbox 1250 1987 1361 2063; x_wconf 91' lang='lat' dir='ltr'>potest</span> <span class='ocrx_word' id='word_1_143' title='bbox 1383 1999 1441 2046; x_wconf 92' lang='lat' dir='ltr'>non</span> 
     </span>
     <span class='ocr_line' id='line_1_18' title="bbox 223 2086 1441 2166; baseline 0.002 -15"><span class='ocrx_word' id='word_1_144' title='bbox 223 2092 290 2152; x_wconf 89' lang='lat' dir='ltr'>stat</span> <span class='ocrx_word' id='word_1_145' title='bbox 318 2086 478 2152; x_wconf 84' lang='lat' dir='ltr'>conclusio</span> <span class='ocrx_word' id='word_1_146' title='bbox 506 2091 572 2153; x_wconf 91' lang='lat' dir='ltr'>tua.</span> <span class='ocrx_word' id='word_1_147' title='bbox 621 2087 741 2153; x_wconf 90' lang='lat' dir='ltr'>certius</span> <span class='ocrx_word' id='word_1_148' title='bbox 768 2087 921 2154; x_wconf 90' lang='lat' dir='ltr'>iudicium</span> <span class='ocrx_word' id='word_1_149' title='bbox 948 2088 981 2152; x_wconf 92' lang='lat' dir='ltr'>in</span> <span class='ocrx_word' id='word_1_150' title='bbox 1005 2086 1069 2152; x_wconf 91' lang='lat' dir='ltr'>alio</span> <span class='ocrx_word' id='word_1_151' title='bbox 1097 2087 1225 2154; x_wconf 88' lang='lat' dir='ltr'>homine</span> <span class='ocrx_word' id='word_1_152' title='bbox 1248 2087 1333 2156; x_wconf 89' lang='lat' dir='ltr'>lerre</span> <span class='ocrx_word' id='word_1_153' title='bbox 1358 2089 1441 2166; x_wconf 77' lang='lat' dir='ltr'>licet</span> 
     </span>
     <span class='ocr_line' id='line_1_19' title="bbox 224 2191 1442 2278; baseline 0 -20"><span class='ocrx_word' id='word_1_154' title='bbox 224 2191 486 2258; x_wconf 85' lang='lat' dir='ltr'>MYRONIANO.</span> <span class='ocrx_word' id='word_1_155' title='bbox 540 2210 634 2275; x_wconf 90' lang='lat' dir='ltr'>quem</span> <span class='ocrx_word' id='word_1_156' title='bbox 669 2211 690 2258; x_wconf 96' lang='lat' dir='ltr'>a</span> <span class='ocrx_word' id='word_1_157' title='bbox 719 2193 864 2278; x_wconf 84' lang='lat' dir='ltr'>Diogene</span> <span class='ocrx_word' id='word_1_158' title='bbox 897 2195 1016 2260; x_wconf 87' lang='lat' dir='ltr'>lectum</span> <span class='ocrx_word' id='word_1_159' title='bbox 1050 2193 1201 2260; x_wconf 86' lang='lat' dir='ltr'>adfirmat</span> <span class='ocrx_word' id='word_1_160' title='bbox 1235 2195 1442 2270; x_wconf 81' lang='lat' dir='ltr'>Bahnsclrins‚</span> 
     </span>
     <span class='ocr_line' id='line_1_20' title="bbox 223 2299 1441 2386; baseline -0.002 -20"><span class='ocrx_word' id='word_1_161' title='bbox 223 2319 322 2382; x_wconf 87' lang='lat' dir='ltr'>negas</span> <span class='ocrx_word' id='word_1_162' title='bbox 345 2306 390 2366; x_wconf 91' lang='lat' dir='ltr'>tn.</span> <span class='ocrx_word' id='word_1_163' title='bbox 437 2317 511 2364; x_wconf 89' lang='lat' dir='ltr'>nam</span> <span class='ocrx_word' id='word_1_164' title='bbox 541 2317 651 2366; x_wconf 82' lang='lat' dir='ltr'>servos</span> <span class='ocrx_word' id='word_1_165' title='bbox 679 2299 889 2383; x_wconf 91' lang='lat' dir='ltr'>philosophos</span> <span class='ocrx_word' id='word_1_166' title='bbox 916 2302 1104 2384; x_wconf 85' lang='lat' dir='ltr'>Pompylum</span> <span class='ocrx_word' id='word_1_167' title='bbox 1134 2308 1169 2368; x_wconf 90' lang='lat' dir='ltr'>et</span> <span class='ocrx_word' id='word_1_168' title='bbox 1191 2301 1277 2386; x_wconf 82' lang='lat' dir='ltr'>Myn,</span> <span class='ocrx_word' id='word_1_169' title='bbox 1302 2321 1384 2386; x_wconf 93' lang='lat' dir='ltr'>qnos</span> <span class='ocrx_word' id='word_1_170' title='bbox 1407 2319 1441 2366; x_wconf 84' lang='lat' dir='ltr'>ex</span> 
     </span>
     <span class='ocr_line' id='line_1_21' title="bbox 222 2405 1442 2493; baseline 0.001 -22"><span class='ocrx_word' id='word_1_171' title='bbox 222 2425 261 2472; x_wconf 90' lang='lat' dir='ltr'>eo</span> <span class='ocrx_word' id='word_1_172' title='bbox 289 2405 388 2472; x_wconf 90' lang='lat' dir='ltr'>habet</span> <span class='ocrx_word' id='word_1_173' title='bbox 410 2405 571 2486; x_wconf 86' lang='lat' dir='ltr'>Diogenes</span> <span class='ocrx_word' id='word_1_174' title='bbox 594 2407 638 2490; x_wconf 90' lang='lat' dir='ltr'>(V</span> <span class='ocrx_word' id='word_1_175' title='bbox 661 2407 714 2472; x_wconf 89' lang='lat'>36.</span> <span class='ocrx_word' id='word_1_176' title='bbox 740 2407 770 2472; x_wconf 87' lang='lat' dir='ltr'>X</span> <span class='ocrx_word' id='word_1_177' title='bbox 793 2407 837 2493; x_wconf 87' lang='grc'>3),</span> <span class='ocrx_word' id='word_1_178' title='bbox 866 2409 974 2474; x_wconf 89' lang='lat' dir='ltr'>redire</span> <span class='ocrx_word' id='word_1_179' title='bbox 1001 2409 1087 2491; x_wconf 85' lang='lat' dir='ltr'>apud</span> <span class='ocrx_word' id='word_1_180' title='bbox 1116 2409 1256 2476; x_wconf 85' lang='lat' dir='ltr'>Gellium</span> <span class='ocrx_word' id='word_1_181' title='bbox 1279 2410 1311 2476; x_wconf 92' lang='lat' dir='ltr'>ll</span> <span class='ocrx_word' id='word_1_182' title='bbox 1336 2412 1388 2491; x_wconf 84' lang='grc'>18,</span> <span class='ocrx_word' id='word_1_183' title='bbox 1412 2407 1442 2472; x_wconf 94' lang='lat' dir='ltr'>id</span> 
     </span>
     <span class='ocr_line' id='line_1_22' title="bbox 224 2511 1441 2598; baseline 0 -20"><span class='ocrx_word' id='word_1_184' title='bbox 224 2531 294 2578; x_wconf 86' lang='lat' dir='ltr'>esse</span> <span class='ocrx_word' id='word_1_185' title='bbox 318 2511 404 2594; x_wconf 92' lang='lat' dir='ltr'>apud</span> <span class='ocrx_word' id='word_1_186' title='bbox 432 2513 634 2578; x_wconf 81' lang='lat' dir='ltr'>Favorinum.</span> <span class='ocrx_word' id='word_1_187' title='bbox 683 2514 754 2595; x_wconf 85' lang='lat' dir='ltr'>sed,</span> <span class='ocrx_word' id='word_1_188' title='bbox 785 2515 914 2596; x_wconf 87' lang='lat' dir='ltr'>amabo,</span> <span class='ocrx_word' id='word_1_189' title='bbox 944 2516 1028 2582; x_wconf 91' lang='lat' dir='ltr'>unde</span> <span class='ocrx_word' id='word_1_190' title='bbox 1057 2517 1135 2598; x_wconf 88' lang='lat' dir='ltr'>scis,</span> <span class='ocrx_word' id='word_1_191' title='bbox 1160 2515 1300 2584; x_wconf 90' lang='lat' dir='ltr'>Gellium</span> <span class='ocrx_word' id='word_1_192' title='bbox 1328 2517 1375 2583; x_wconf 89' lang='lat' dir='ltr'>ibi</span> <span class='ocrx_word' id='word_1_193' title='bbox 1397 2515 1441 2581; x_wconf 87' lang='lat' dir='ltr'>uti</span> 
     </span>
     <span class='ocr_line' id='line_1_23' title="bbox 224 2618 1496 2708; baseline 0.002 -25"><span class='ocrx_word' id='word_1_194' title='bbox 224 2618 401 2702; x_wconf 86' lang='lat' dir='ltr'>Omnigenc</span> <span class='ocrx_word' id='word_1_195' title='bbox 423 2619 590 2686; x_wconf 75' lang='lat' dir='ltr'>Historia?</span> <span class='ocrx_word' id='word_1_196' title='bbox 636 2626 745 2686; x_wconf 89' lang='lat' dir='ltr'>tamne</span> <span class='ocrx_word' id='word_1_197' title='bbox 773 2622 963 2689; x_wconf 88' lang='lat' dir='ltr'>incredibile</span> <span class='ocrx_word' id='word_1_198' title='bbox 991 2643 1063 2690; x_wconf 93' lang='lat' dir='ltr'>eum</span> <span class='ocrx_word' id='word_1_199' title='bbox 1093 2623 1142 2690; x_wconf 91' lang='lat' dir='ltr'>uti</span> <span class='ocrx_word' id='word_1_200' title='bbox 1171 2630 1228 2689; x_wconf 88' lang='lat' dir='ltr'>ant</span> <span class='ocrx_word' id='word_1_201' title='bbox 1256 2623 1440 2708; x_wconf 80' lang='lat' dir='ltr'>Myroniauo</span> <span class='ocrx_word' id='word_1_202' title='bbox 1495 2631 1496 2666; x_wconf 54' lang='grc' dir='ltr'><strong><em>ί</em></strong></span> 
     </span>
     <span class='ocr_line' id='line_1_24' title="bbox 223 2725 1441 2812; baseline 0 -21"><span class='ocrx_word' id='word_1_203' title='bbox 223 2731 280 2792; x_wconf 89' lang='lat' dir='ltr'>ant</span> <span class='ocrx_word' id='word_1_204' title='bbox 301 2725 470 2808; x_wconf 89' lang='lat' dir='ltr'>Hermippi</span> <span class='ocrx_word' id='word_1_205' title='bbox 499 2726 622 2809; x_wconf 84' lang='lat' dir='ltr'>Berytii</span> <span class='ocrx_word' id='word_1_206' title='bbox 651 2727 758 2811; x_wconf 90' lang='lat' dir='ltr'>amplo</span> <span class='ocrx_word' id='word_1_207' title='bbox 787 2729 827 2796; x_wconf 92' lang='lat' dir='ltr'>de</span> <span class='ocrx_word' id='word_1_208' title='bbox 856 2731 958 2796; x_wconf 78' lang='lat' dir='ltr'>seruis</span> <span class='ocrx_word' id='word_1_209' title='bbox 986 2730 1142 2796; x_wconf 87' lang='lat' dir='ltr'>litteratis</span> <span class='ocrx_word' id='word_1_210' title='bbox 1170 2732 1291 2812; x_wconf 82' lang='lat' dir='ltr'>opere?</span> <span class='ocrx_word' id='word_1_211' title='bbox 1324 2731 1383 2797; x_wconf 88' lang='lat' dir='ltr'>sed</span> <span class='ocrx_word' id='word_1_212' title='bbox 1409 2733 1441 2793; x_wconf 92' lang='lat' dir='ltr'>ut</span> 
     </span>
     <span class='ocr_line' id='line_1_25' title="bbox 222 2831 1440 2919; baseline 0 -21"><span class='ocrx_word' id='word_1_213' title='bbox 222 2833 372 2898; x_wconf 86' lang='lat' dir='ltr'>Favorini</span> <span class='ocrx_word' id='word_1_214' title='bbox 394 2831 475 2898; x_wconf 92' lang='lat' dir='ltr'>illud</span> <span class='ocrx_word' id='word_1_215' title='bbox 498 2833 555 2898; x_wconf 87' lang='lat' dir='ltr'>sit:</span> <span class='ocrx_word' id='word_1_216' title='bbox 580 2833 657 2916; x_wconf 93' lang='lat' dir='ltr'>quid</span> <span class='ocrx_word' id='word_1_217' title='bbox 679 2835 713 2900; x_wconf 94' lang='lat' dir='ltr'>id</span> <span class='ocrx_word' id='word_1_218' title='bbox 736 2834 777 2901; x_wconf 90' lang='lat' dir='ltr'>ad</span> <span class='ocrx_word' id='word_1_219' title='bbox 801 2836 1045 2919; x_wconf 83' lang='lat' dir='ltr'>Myroniannml</span> <span class='ocrx_word' id='word_1_220' title='bbox 1072 2855 1178 2902; x_wconf 92' lang='lat' dir='ltr'>nonne</span> <span class='ocrx_word' id='word_1_221' title='bbox 1201 2841 1236 2902; x_wconf 89' lang='lat' dir='ltr'>et</span> <span class='ocrx_word' id='word_1_222' title='bbox 1258 2837 1311 2904; x_wconf 91' lang='lat' dir='ltr'>hic</span> <span class='ocrx_word' id='word_1_223' title='bbox 1333 2845 1369 2904; x_wconf 86' lang='lat' dir='ltr'>et</span> <span class='ocrx_word' id='word_1_224' title='bbox 1390 2835 1440 2902; x_wconf 90' lang='lat' dir='ltr'>illc</span> 
     </span>
     <span class='ocr_line' id='line_1_26' title="bbox 223 2940 1495 3026; baseline 0.002 -20"><span class='ocrx_word' id='word_1_225' title='bbox 223 2946 257 3006; x_wconf 90' lang='lat' dir='ltr'>ct</span> <span class='ocrx_word' id='word_1_226' title='bbox 279 2944 437 3022; x_wconf 87' lang='lat' dir='ltr'>quotquot</span> <span class='ocrx_word' id='word_1_227' title='bbox 465 2941 610 3022; x_wconf 88' lang='lat' dir='ltr'>quamvis</span> <span class='ocrx_word' id='word_1_228' title='bbox 638 2940 789 3007; x_wconf 89' lang='lat' dir='ltr'>imbecilli</span> <span class='ocrx_word' id='word_1_229' title='bbox 819 2941 965 3009; x_wconf 90' lang='lat' dir='ltr'>homines</span> <span class='ocrx_word' id='word_1_230' title='bbox 988 2963 1091 3026; x_wconf 89' lang='lat' dir='ltr'>nugas</span> <span class='ocrx_word' id='word_1_231' title='bbox 1115 2945 1275 3010; x_wconf 80' lang='lat' dir='ltr'>extricare</span> <span class='ocrx_word' id='word_1_232' title='bbox 1298 2943 1440 3026; x_wconf 89' lang='lat' dir='ltr'>concupi·</span> <span class='ocrx_word' id='word_1_233' title='bbox 1494 2985 1495 2988; x_wconf 55' lang='lat'><em>=</em></span> 
     </span>
     <span class='ocr_line' id='line_1_27' title="bbox 222 3047 1439 3134; baseline 0 -20"><span class='ocrx_word' id='word_1_234' title='bbox 222 3053 337 3114; x_wconf 83' lang='lat' dir='ltr'>venunt</span> <span class='ocrx_word' id='word_1_235' title='bbox 360 3047 445 3112; x_wconf 90' lang='lat' dir='ltr'>idem</span> <span class='ocrx_word' id='word_1_236' title='bbox 469 3047 631 3130; x_wconf 89' lang='lat' dir='ltr'>conligere</span> <span class='ocrx_word' id='word_1_237' title='bbox 654 3055 829 3132; x_wconf 90' lang='lat' dir='ltr'>potuerunt</span> <span class='ocrx_word' id='word_1_238' title='bbox 852 3068 890 3116; x_wconf 84' lang='lat' dir='ltr'>ex</span> <span class='ocrx_word' id='word_1_239' title='bbox 913 3051 1117 3117; x_wconf 85' lang='lat' dir='ltr'>testamentis</span> <span class='ocrx_word' id='word_1_240' title='bbox 1134 3051 1349 3134; x_wconf 85' lang='lat' dir='ltr'>Theophrasti</span> <span class='ocrx_word' id='word_1_241' title='bbox 1374 3051 1439 3134; x_wconf 83' lang='lat' dir='ltr'>(tl)</span> 
     </span>
     <span class='ocr_line' id='line_1_28' title="bbox 223 3154 1439 3242; baseline 0 -20"><span class='ocrx_word' id='word_1_242' title='bbox 223 3160 257 3222; x_wconf 88' lang='lat' dir='ltr'>ct</span> <span class='ocrx_word' id='word_1_243' title='bbox 280 3154 410 3238; x_wconf 86' lang='lat' dir='ltr'>Epicuri</span> <span class='ocrx_word' id='word_1_244' title='bbox 434 3155 527 3240; x_wconf 71' lang='lat' dir='ltr'>(illl</span> <span class='ocrx_word' id='word_1_245' title='bbox 558 3161 672 3221; x_wconf 90' lang='lat' dir='ltr'>contra</span> <span class='ocrx_word' id='word_1_246' title='bbox 698 3156 784 3222; x_wconf 91' lang='lat' dir='ltr'>haud</span> <span class='ocrx_word' id='word_1_247' title='bbox 808 3157 992 3240; x_wconf 88' lang='lat' dir='ltr'>ambiguum</span> <span class='ocrx_word' id='word_1_248' title='bbox 1016 3159 1056 3224; x_wconf 90' lang='lat' dir='ltr'>de</span> <span class='ocrx_word' id='word_1_249' title='bbox 1080 3158 1271 3242; x_wconf 86' lang='lat' dir='ltr'>Myroniano</span> <span class='ocrx_word' id='word_1_250' title='bbox 1295 3160 1439 3226; x_wconf 88' lang='lat' dir='ltr'>iudicium</span> 
     </span>
     <span class='ocr_line' id='line_1_29' title="bbox 224 3261 1439 3344; baseline 0.001 -16"><span class='ocrx_word' id='word_1_251' title='bbox 224 3263 300 3328; x_wconf 88' lang='lat' dir='ltr'>lcrri</span> <span class='ocrx_word' id='word_1_252' title='bbox 323 3266 433 3344; x_wconf 90' lang='lat' dir='ltr'>potest</span> <span class='ocrx_word' id='word_1_253' title='bbox 455 3279 494 3326; x_wconf 82' lang='lat' dir='ltr'>en</span> <span class='ocrx_word' id='word_1_254' title='bbox 510 3261 656 3328; x_wconf 86' lang='lat' dir='ltr'>Platonis</span> <span class='ocrx_word' id='word_1_255' title='bbox 679 3263 746 3330; x_wconf 83' lang='lat' dir='ltr'>vita</span> <span class='ocrx_word' id='word_1_256' title='bbox 770 3267 821 3330; x_wconf 88' lang='grc'>40.</span> <span class='ocrx_word' id='word_1_257' title='bbox 869 3271 1021 3330; x_wconf 88' lang='lat' dir='ltr'>narratur</span> <span class='ocrx_word' id='word_1_258' title='bbox 1044 3265 1090 3331; x_wconf 92' lang='lat' dir='ltr'>ibi</span> <span class='ocrx_word' id='word_1_259' title='bbox 1114 3285 1153 3331; x_wconf 86' lang='lat' dir='ltr'>ex</span> <span class='ocrx_word' id='word_1_260' title='bbox 1176 3265 1336 3333; x_wconf 82' lang='lat' dir='ltr'>Favorino</span> <span class='ocrx_word' id='word_1_261' title='bbox 1359 3281 1439 3332; x_wconf 86' lang='lat' dir='ltr'>mors</span> 
     </span>
     <span class='ocr_line' id='line_1_30' title="bbox 223 3369 1438 3459; baseline -0.001 -24"><span class='ocrx_word' id='word_1_262' title='bbox 223 3369 378 3448; x_wconf 83' lang='lat' dir='ltr'>Platonis,</span> <span class='ocrx_word' id='word_1_263' title='bbox 403 3387 421 3432; x_wconf 91' lang='lat' dir='ltr'>e</span> <span class='ocrx_word' id='word_1_264' title='bbox 445 3369 649 3452; x_wconf 87' lang='lat' dir='ltr'>Theopompo</span> <span class='ocrx_word' id='word_1_265' title='bbox 674 3371 742 3453; x_wconf 89' lang='lat' dir='ltr'>(qui</span> <span class='ocrx_word' id='word_1_266' title='bbox 759 3371 917 3438; x_wconf 86' lang='lat' dir='ltr'>Favorino</span> <span class='ocrx_word' id='word_1_267' title='bbox 942 3371 1091 3459; x_wconf 88' lang='lat' dir='ltr'>debetur)</span> <span class='ocrx_word' id='word_1_268' title='bbox 1115 3373 1300 3456; x_wconf 90' lang='lat' dir='ltr'>Philippum</span> <span class='ocrx_word' id='word_1_269' title='bbox 1318 3370 1438 3440; x_wconf 87' lang='lat' dir='ltr'>Platoni</span> 
     </span>
     <span class='ocr_line' id='line_1_31' title="bbox 222 3472 1439 3568; baseline 0 -26"><span class='ocrx_word' id='word_1_270' title='bbox 222 3481 411 3559; x_wconf 89' lang='lat' dir='ltr'>parentasse</span> <span class='ocrx_word' id='word_1_271' title='bbox 439 3476 501 3559; x_wconf 89' lang='lat' dir='ltr'>(ita</span> <span class='ocrx_word' id='word_1_272' title='bbox 532 3477 617 3541; x_wconf 90' lang='lat' dir='ltr'>enim</span> <span class='ocrx_word' id='word_1_273' title='bbox 646 3477 766 3559; x_wconf 85' lang='lat' dir='ltr'>scribo)</span> <span class='ocrx_word' id='word_1_274' title='bbox 793 3475 848 3563; x_wconf 82' lang='grc' dir='ltr'>ὑφ’</span> <span class='ocrx_word' id='word_1_275' title='bbox 879 3472 916 3544; x_wconf 84' lang='grc' dir='ltr'>οὗ</span> <span class='ocrx_word' id='word_1_276' title='bbox 944 3479 998 3542; x_wconf 77' lang='grc' dir='ltr'>καί</span> <span class='ocrx_word' id='word_1_277' title='bbox 1026 3479 1108 3565; x_wconf 78' lang='grc' dir='ltr'><strong><em>[ἐπι]</em></strong></span> <span class='ocrx_word' id='word_1_278' title='bbox 1136 3485 1320 3566; x_wconf 66' lang='grc' dir='ltr'><strong><em>τιμηθῆναι</em></strong></span> <span class='ocrx_word' id='word_1_279' title='bbox 1346 3497 1439 3568; x_wconf 82' lang='grc' dir='ltr'><strong><em>φησιν</em></strong></span> 
     </span>
     <span class='ocr_line' id='line_1_32' title="bbox 222 3577 1439 3676; baseline 0.003 -28"><span class='ocrx_word' id='word_1_280' title='bbox 222 3577 324 3649; x_wconf 78' lang='grc' dir='ltr'><strong><em>αὐτὸν</em></strong></span> <span class='ocrx_word' id='word_1_281' title='bbox 351 3581 558 3667; x_wconf 82' lang='grc' dir='ltr'><strong><em>Θεόπομπος·</em></strong></span> <span class='ocrx_word' id='word_1_282' title='bbox 592 3587 678 3670; x_wconf 87' lang='grc' dir='ltr'><strong><em>Μορ.</em></strong></span> <span class='ocrx_word' id='word_1_283' title='bbox 708 3583 738 3648; x_wconf 80' lang='lat' dir='ltr'>‹l’</span> <span class='ocrx_word' id='word_1_284' title='bbox 770 3583 806 3649; x_wconf 76' lang='grc' dir='ltr'>ἐν</span> <span class='ocrx_word' id='word_1_285' title='bbox 828 3582 970 3668; x_wconf 77' lang='grc' dir='ltr'><strong><em>Ὁμοίοις</em></strong></span> <span class='ocrx_word' id='word_1_286' title='bbox 997 3587 1075 3673; x_wconf 78' lang='grc' dir='ltr'><strong><em>φησί</em></strong></span> <span class='ocrx_word' id='word_1_287' title='bbox 1105 3587 1238 3654; x_wconf 74' lang='grc' dir='ltr'><strong><em>Φίλωνα</em></strong></span> <span class='ocrx_word' id='word_1_288' title='bbox 1269 3591 1439 3676; x_wconf 75' lang='grc' dir='ltr'><strong><em>παροιμίας</em></strong></span> 
     </span>
     <span class='ocr_line' id='line_1_33' title="bbox 221 3686 1439 3779; baseline 0.004 -23"><span class='ocrx_word' id='word_1_289' title='bbox 221 3687 433 3776; x_wconf 76' lang='grc' dir='ltr'><strong><em>μνημονεύειν</em></strong></span> <span class='ocrx_word' id='word_1_290' title='bbox 456 3689 528 3775; x_wconf 77' lang='grc' dir='ltr'>περὶ</span> <span class='ocrx_word' id='word_1_291' title='bbox 549 3693 615 3756; x_wconf 72' lang='grc' dir='ltr'>τῶν</span> <span class='ocrx_word' id='word_1_292' title='bbox 633 3686 807 3765; x_wconf 78' lang='grc' dir='ltr'><strong><em>Πλάτωνος</em></strong></span> <span class='ocrx_word' id='word_1_293' title='bbox 830 3693 980 3779; x_wconf 77' lang='grc' dir='ltr'><strong><em>φθειρῶν</em></strong></span> <span class='ocrx_word' id='word_1_294' title='bbox 1002 3689 1044 3768; x_wconf 77' lang='grc' dir='ltr'>ὥς</span> <span class='ocrx_word' id='word_1_295' title='bbox 1067 3691 1165 3770; x_wconf 74' lang='grc' dir='ltr'><strong><em>οὕτως</em></strong></span> <span class='ocrx_word' id='word_1_296' title='bbox 1180 3689 1282 3760; x_wconf 74' lang='grc' dir='ltr'><strong><em>αὐτοῦ</em></strong></span> <span class='ocrx_word' id='word_1_297' title='bbox 1305 3691 1439 3776; x_wconf 65' lang='grc' dir='ltr'>τελεστή-</span> 
     </span>
     <span class='ocr_line' id='line_1_34' title="bbox 222 3792 1438 3884; baseline 0.007 -22"><span class='ocrx_word' id='word_1_298' title='bbox 222 3813 354 3871; x_wconf 87' lang='grc' dir='ltr'><strong><em>σαντος·</em></strong></span> <span class='ocrx_word' id='word_1_299' title='bbox 382 3795 436 3859; x_wconf 82' lang='grc' dir='ltr'>καί</span> <span class='ocrx_word' id='word_1_300' title='bbox 459 3795 562 3882; x_wconf 79' lang='grc' dir='ltr'><strong><em>ἐτάφη</em></strong></span> <span class='ocrx_word' id='word_1_301' title='bbox 586 3795 622 3862; x_wconf 76' lang='grc' dir='ltr'>ἓν</span> <span class='ocrx_word' id='word_1_302' title='bbox 638 3792 839 3880; x_wconf 79' lang='grc' dir='ltr'><strong><em>Ἀκαδημείᾳ</em></strong></span> <span class='ocrx_word' id='word_1_303' title='bbox 863 3796 924 3864; x_wconf 78' lang='grc' dir='ltr'><strong><em>ιιτὲ.</em></strong></span> <span class='ocrx_word' id='word_1_304' title='bbox 983 3801 1011 3866; x_wconf 86' lang='lat' dir='ltr'>si</span> <span class='ocrx_word' id='word_1_305' title='bbox 1034 3801 1120 3884; x_wconf 87' lang='lat' dir='ltr'>quod</span> <span class='ocrx_word' id='word_1_306' title='bbox 1143 3801 1232 3868; x_wconf 75' lang='lat' dir='ltr'>uliud</span> <span class='ocrx_word' id='word_1_307' title='bbox 1259 3801 1322 3870; x_wconf 85' lang='lat' dir='ltr'>hoc</span> <span class='ocrx_word' id='word_1_308' title='bbox 1345 3806 1438 3871; x_wconf 76' lang='lat' dir='ltr'>inim·</span> 
     </span>
    </p>
   </div>
   <div class='ocr_carea' id='block_1_3' title="bbox 223 3902 1438 4204">
    <p class='ocr_par' dir='ltr' id='par_1_3' title="bbox 223 3902 1438 4204">
     <span class='ocr_line' id='line_1_35' title="bbox 223 3902 1438 3992; baseline 0.003 -21"><span class='ocrx_word' id='word_1_309' title='bbox 223 3923 278 3971; x_wconf 86' lang='lat' dir='ltr'>sae</span> <span class='ocrx_word' id='word_1_310' title='bbox 294 3902 494 3984; x_wconf 89' lang='lat' dir='ltr'>ineptissime</span> <span class='ocrx_word' id='word_1_311' title='bbox 509 3903 705 3969; x_wconf 87' lang='lat' dir='ltr'>narrationis</span> <span class='ocrx_word' id='word_1_312' title='bbox 721 3905 900 3987; x_wconf 86' lang='lat' dir='ltr'>exemplum</span> <span class='ocrx_word' id='word_1_313' title='bbox 916 3907 1121 3974; x_wconf 90' lang='lat' dir='ltr'>luculentum.</span> <span class='ocrx_word' id='word_1_314' title='bbox 1161 3913 1259 3992; x_wconf 86' lang='lat' dir='ltr'>atque</span> <span class='ocrx_word' id='word_1_315' title='bbox 1275 3911 1438 3978; x_wconf 80' lang='lat' dir='ltr'>tenendam</span> 
     </span>
     <span class='ocr_line' id='line_1_36' title="bbox 224 4009 1437 4104; baseline 0.002 -26"><span class='ocrx_word' id='word_1_316' title='bbox 224 4017 274 4078; x_wconf 92' lang='lat' dir='ltr'>est</span> <span class='ocrx_word' id='word_1_317' title='bbox 296 4009 490 4093; x_wconf 89' lang='lat' dir='ltr'>praecedere</span> <span class='ocrx_word' id='word_1_318' title='bbox 505 4009 698 4076; x_wconf 80' lang='lat' dir='ltr'>Favorinum</span> <span class='ocrx_word' id='word_1_319' title='bbox 722 4011 835 4076; x_wconf 87' lang='lat' dir='ltr'>iterna</span> <span class='ocrx_word' id='word_1_320' title='bbox 855 4013 999 4098; x_wconf 89' lang='lat' dir='ltr'>Diogene</span> <span class='ocrx_word' id='word_1_321' title='bbox 1015 4015 1142 4082; x_wconf 89' lang='lat' dir='ltr'>lectum.</span> <span class='ocrx_word' id='word_1_322' title='bbox 1183 4036 1223 4083; x_wconf 82' lang='lat' dir='ltr'>ex</span> <span class='ocrx_word' id='word_1_323' title='bbox 1244 4015 1307 4086; x_wconf 92' lang='lat' dir='ltr'>hoc</span> <span class='ocrx_word' id='word_1_324' title='bbox 1330 4020 1437 4104; x_wconf 90' lang='lat' dir='ltr'>laqueo</span> 
     </span>
     <span class='ocr_line' id='line_1_37' title="bbox 223 4116 1436 4204; baseline 0.002 -20"><span class='ocrx_word' id='word_1_325' title='bbox 223 4125 256 4185; x_wconf 92' lang='lat' dir='ltr'>te</span> <span class='ocrx_word' id='word_1_326' title='bbox 280 4116 424 4184; x_wconf 86' lang='lat' dir='ltr'>servabis</span> <span class='ocrx_word' id='word_1_327' title='bbox 449 4117 509 4196; x_wconf 83' lang='lat' dir='ltr'>ita,</span> <span class='ocrx_word' id='word_1_328' title='bbox 538 4122 575 4183; x_wconf 93' lang='lat' dir='ltr'>ut</span> <span class='ocrx_word' id='word_1_329' title='bbox 604 4117 827 4200; x_wconf 87' lang='lat' dir='ltr'>Myronianum</span> <span class='ocrx_word' id='word_1_330' title='bbox 855 4140 986 4189; x_wconf 87' lang='lat' dir='ltr'>revoces</span> <span class='ocrx_word' id='word_1_331' title='bbox 1014 4123 1056 4190; x_wconf 88' lang='lat' dir='ltr'>ad</span> <span class='ocrx_word' id='word_1_332' title='bbox 1084 4125 1286 4190; x_wconf 86' lang='lat' dir='ltr'>Favorinum.</span> <span class='ocrx_word' id='word_1_333' title='bbox 1339 4125 1436 4204; x_wconf 88' lang='lat' dir='ltr'>audio,</span> 
     </span>
    </p>
   </div>
   <div class='ocr_carea' id='block_1_4' title="bbox 0 0 1512 4858">
    <p class='ocr_par' dir='ltr' id='par_1_4' title="bbox 0 0 1512 4858">
     <span class='ocr_line' id='line_1_38' title="bbox 0 0 1512 4858; baseline 0 0"><span class='ocrx_word' id='word_1_334' title='bbox 0 0 1512 4858; x_wconf 95' lang='lat' dir='ltr'> </span> 
     </span>
    </p>
   </div>
  </div>
 </body>
</html>
