3016 4858
1159 263 1186 286 ..
1233 197 1295 260 149

67 387 153 452 quaa
174 369 216 434 lis
237 387 276 434 eo
291 367 474 434 decernitur
496 369 533 431 ut
552 365 774 448 investigetum
791 367 959 450 numquid
975 367 1092 436 Suidae
1109 371 1296 457 (Hesychia)

67 477 149 542 insit
176 475 264 558 quod
292 480 380 541 certo
409 473 624 540 reducendum
653 473 697 540 sit
719 472 761 540 ad
783 474 986 542 Favorinum
1034 475 1105 542 fieri
1128 483 1297 560 potestat

65 602 168 648 unum
192 583 369 650 alterumve
392 601 444 648 me
466 580 599 664 fugerit:
629 581 736 647 inveni
758 600 834 648 uero
858 583 1052 666 paucissima
1075 583 1163 651 haec.
1210 587 1296 652 Ana·

66 691 237 758 nimander
261 690 434 757 secundum
457 689 634 771 Diogenem
656 682 728 772 εὗρε
749 687 904 772 γνώμονα
926 697 1050 775 πρῶτος
1078 691 1147 774 (καὶ
1169 692 1297 780 ἔστησεν

66 799 123 866 ἐπὶ
140 805 205 864 cciv
219 795 405 882 σκιοθήρων
427 795 463 862 ἐν
478 794 703 877 Λακεδαίμονι
721 795 817 858 καθά
833 813 912 881 φησι
935 797 1126 884 Φαβωρῖνος
1148 797 1184 864 ἐν
1200 799 1296 886 Π.Ἱ.)

66 903 190 991 τροπάς
213 927 247 970 τε
270 903 325 968 καί
347 905 508 988 ίσημερίας
531 906 732 988 σημαίνοντα
754 901 810 966 καί
836 899 1020 988 άρσσιτόπια
1048 904 1296 992 cneocaesarea,

65 1013 123 1076 καί
148 1016 205 1096 γῆς
227 1009 284 1076 καὶ
307 1007 477 1095 θαλάσσης
499 1013 688 1094 περίμετρον
709 1014 835 1096 πρῶτος
857 1009 1003 1097 ἔγραψεν
1021 1008 1106 1076 alta
1122 1013 1177 1077 καί
1199 1027 1296 1100 σφατ-

65 1142 132 1206 ραν
155 1113 393 1184 κατεσκεύασεν.
443 1116 617 1184 sceundum
646 1117 777 1184 Suidam
799 1119 928 1200 ’πρῶτος
956 1119 1121 1204 ἰσημερίαν
1149 1115 1220 1208 εὗρε
1242 1123 1297 1186 καί

64 1224 191 1310 τροπάς
214 1225 269 1288 καί
291 1223 467 1310 (rigatorem
490 1229 545 1288 καί
559 1223 617 1308 την
638 1225 699 1308 γῆν
721 1224 758 1292 ἐν
772 1221 954 1310 μεσαιτάτη)
976 1231 1117 1308 κείσθων,
1141 1228 1298 1312 ysopum

63 1335 91 1396 τ’
117 1331 268 1417 stuprare
301 1331 356 1396 καί
390 1330 473 1408 ὅλως
506 1335 695 1417 γεωμετρίας
728 1328 943 1398 ὑποτύπωσιν
970 1332 1098 1412 ἔδειξεν.
1141 1335 1231 1401 vides
1260 1343 1297 1402 ut

63 1441 229 1522 Diogenes
253 1441 301 1506 eis
324 1458 406 1522 quae
430 1439 516 1522 apud
538 1439 691 1522 llcsychii
714 1457 870 1522 suumque
899 1445 1064 1506 auctorem
1086 1442 1209 1509 invenit
1234 1445 1295 1509 Fa·

64 1548 215 1613 porinum
230 1547 411 1614 immiscet?
446 1545 540 1610 Plato
564 1545 736 1612 secundum
753 1545 885 1612 Suidam
909 1566 973 1612 non
990 1547 1086 1614 aliter
1104 1555 1202 1632 atque
1218 1551 1295 1616 Per·

63 1655 217 1739 phyrium
240 1655 273 1721 in
296 1653 402 1720 insula
417 1654 542 1735 Aegina
564 1653 723 1720 nascitur:
749 1654 835 1735 apud
851 1653 1028 1736 Diogenem
1051 1655 1187 1738 legimus
1210 1657 1293 1722 1113

64 1761 230 1848 ἐγεννήθη
255 1761 290 1826 δὲ
324 1757 407 1824 κατά
441 1780 532 1833 τινας
564 1756 599 1824 ἒν
621 1760 739 1845 Αίγίνη
764 1757 814 1842 (ἐν
841 1766 876 1849 τῇ
905 1757 1084 1826 Φειδιάδου
1118 1764 1205 1844 οἰκία
1238 1764 1295 1830 τοῦ

64 1868 225 1954 Θάλητος,
253 1865 295 1942 ὥς
324 1881 403 1951 φησι
427 1866 467 1931 Φ.
493 1864 529 1931 ἐν
554 1863 653 1950 11.‘1.)
675 1871 733 1931 τοῦ
756 1867 880 1951 πατρὸς
988 1871 1196 1953 πεμφθέντος
1223 1871 1295 1956 κλη-

65 1975 193 2062 ρούχου
216 1977 277 2040 ναί.
313 1972 403 2038 vides
432 1973 756 2038 contaminationem?
792 1973 907 2040 Suidas
931 1972 1150 2061 Ἐμπεδοκλῆς
1180 1980 1294 2042 Μέτω-

66 2107 130 2164 νος,
156 2087 192 2146 οί
211 2081 241 2146 δ’
260 2077 468 2166 ’Λρχενόμοα
491 2085 526 2144 et
545 2079 574 2144 δ’
593 2075 795 2160 Ἐξαινέτου,
824 2080 879 2144 ταί
906 2076 1054 2166 ἀδελφὸν
1077 2081 1148 2162 ἔσχε
1174 2083 1294 2148 Καίλι-

64 2189 196 2276 κρᾰτην.
236 2189 398 2269 Diogenes
426 2187 459 2252 in
487 2186 573 2252 vitae
600 2185 758 2267 principio
782 2185 947 2254 Matonem
969 2194 1096 2270 patrem
1119 2192 1228 2272 ponit,
1253 2193 1294 2258 dc

66 2318 129 2380 quo
154 2296 316 2379 exquisita
339 2299 543 2376 apponuntur
570 2292 762 2359 testimonia.
800 2295 945 2377 sequitur
968 2315 985 2362 e
1010 2295 1125 2379 Satyro
1149 2298 1293 2366 Elaene-

66 2411 119 2470 tus
143 2409 178 2470 et
201 2403 241 2468 de
269 2400 413 2466 uictoriis
437 2399 611 2483 Olympicis
634 2400 778 2467 narratio
786 2399 822 2483 ¹),
850 2401 966 2484 quibus
989 2403 1150 2486 Diogenes
1174 2407 1292 2488 gloria-

66 2512 193 2578 bundus
223 2509 314 2576 addit
336 2507 413 2574 VIII
437 2507 478 2572 53
508 2505 570 2586 ίνώ
599 2507 627 2570 d'
657 2501 751 2593 εὖρον
779 2506 815 2573 ἐν
844 2519 910 2584 τοῖς
936 2507 1144 2594 ὑπομνήμασι
1176 2515 1293 2595 Φαβω-

65 2623 158 2702 ρίνον
181 2613 230 2682 ὅτι
253 2615 308 2679 καί
329 2616 408 2696 βοῦν
432 2613 532 2680 ἔθυσε
554 2627 619 2688 τοϊς
645 2617 786 2700 θεωροῖς
808 2610 887 2681 ὂἘ.
913 2615 947 2679 ἐκ
970 2617 1095 2702 μέλιτος
1118 2623 1173 2682 καὶ
1195 2619 1292 2706 altpt-

65 2748 139 2792 των.
174 2729 231 2788 καὶ
253 2718 405 2806 ἀδελφὸν
428 2721 499 2803 ἔσχε
514 2719 781 2806 Καλλικρατίδην.
818 2722 956 2804 denique
971 2729 1066 2806 pater·
1079 2725 1290 2794 Archidemus

65 2829 261 2912 eTelaugie
284 2825 432 2912 epistula.
469 2823 579 2890 fratris
612 2842 689 2906 ergo
718 2829 873 2894 memoria
906 2828 987 2895 nihil
1014 2830 1055 2896 ad
1087 2831 1288 2900 Favorinum.

65 2945 149 3022 tene,
174 2939 219 3004 mi
235 2936 367 3016 Maassi,
391 2935 452 3002 hoc
467 2931 593 2998 etiamsi
617 2930 713 2996 aliter
729 2950 764 2998 se
788 2933 932 3016 haberet,
956 2957 1015 3019 pro
1033 2943 1066 3004 te
1082 2959 1144 3006 non
1168 2959 1290 3022 pugna-

64 3053 172 3112 torum
202 3044 313 3125 luisse,
348 3047 399 3108 est
433 3040 517 3106 euim
546 3038 804 3106 Memorabilium
833 3048 1032 3126 excerptum
1062 3047 1119 3112 sed
1142 3052 1288 3130 augetur,

65 3155 188 3236 opinor,
217 3153 266 3219 vis
294 3168 386 3216 meae
414 3147 594 3214 sententiae
624 3147 651 3212 si
679 3147 719 3213 de
751 3153 887 3231 utroque
911 3151 1061 3218 Favorini
1084 3153 1167 3218 libro
1192 3154 1287 3220 valet.

65 3261 163 3326 etiam
186 3277 226 3324 ea
253 3275 337 3342 quae
360 3257 379 3339 ς
403 3256 444 3320 73
473 3254 512 3320 de
539 3259 630 3320 veste
652 3253 856 3336 Empedoclis
883 3256 1066 3324 reseruntur
1097 3260 1289 3328 clavorini

65 3365 337 3444 Memorabilibus,
354 3364 531 3430 intertexta
546 3360 703 3428 Neanthis
721 3364 909 3444 narrationi,
926 3364 1137 3449 similiterque
1152 3367 1289 3434 redeunt

67 3475 151 3557 apud
167 3473 309 3552 suidam,
332 3489 396 3536 non
420 3487 500 3552 opus
516 3473 567 3536 eet
590 3487 629 3534 ex
644 3469 802 3536 Favorino
819 3475 947 3553 sumpta
963 3489 1034 3538 esse
1059 3472 1099 3538 ab
1115 3473 1285 3556 Hesychia

134 3682 364 3758 1)l1emorabilis
386 3681 431 3736 hic
455 3680 540 3749 locus,
565 3695 626 3735 nam
649 3683 795 3749 postquam
820 3696 834 3736 e
855 3679 953 3752 Satyro
975 3687 1115 3738 narratum
1139 3691 1193 3753 est,
1211 3685 1288 3742 lucta

67 3775 161 3832 vicisse
184 3775 371 3841 Emenetum,
395 3770 505 3827 addiiur
529 3769 543 3836 ἢ
567 3765 603 3832 ὥς
621 3767 793 3840 Ἡρακλείδης
819 3774 846 3824 ἐν
870 3771 899 3844 ti
922 3773 1032 3844 ἐπιτομῇ
1055 3771 1156 3846 δρόμῳ.
1198 3775 1286 3830 uideri

67 3863 149 3932 igitur
166 3869 261 3934 potest
279 3867 376 3916 auctor
397 3859 469 3916 vitae
490 3860 616 3929 Satyrum
636 3857 723 3928 ipsum
743 3874 805 3914 oum
823 3859 972 3929 epitomato
992 3864 1183 3932 composuisse.
1211 3865 1285 3932 quod

68 3969 118 4008 non
136 3951 329 4009 necessarium.
361 3947 558 4006 demonstrarit
577 3948 649 4004 enim
667 3947 803 4004 Dielesies
822 3948 994 4005 Heraclidem
1007 3951 1137 4006 Lemhom
1156 3958 1286 4021 excerpta

69 4043 197 4112 eSatyro
216 4057 279 4097 eum
299 4040 419 4096 Sotionis
438 4039 577 4109 excerptis
594 4038 800 4109 permiscuisse
824 4055 912 4109 neque
934 4039 1001 4094 nihil
1025 4040 1059 4096 de
1079 4053 1128 4094 suo
1146 4040 1284 4096 addidisse

68 4134 215 4190 censendus
234 4135 278 4186 eat
296 4131 415 4200 scriptor
433 4128 535 4186 saeculi
553 4126 733 4184 Aristarchei.
