3016 4858
1212 233 1271 299 131

57 407 129 474 diss.
146 409 265 476 hom.I
286 429 316 492 p.
335 408 414 494 212]
437 408 491 474 lul
513 407 657 494 μαλακίᾳ
682 407 878 496 διεβάλλετο,
902 411 967 476 καί
989 411 1102 476 ἄλλοι
1124 411 1272 481 πολλοί.

56 515 124 582 Non
148 517 231 584 dixit
253 518 294 584 de
316 517 371 598 iis,
396 535 530 601 quorum
553 517 665 584 comici
687 517 875 603 meminere,
903 537 1012 584 verum
1035 519 1069 584 in
1091 521 1274 586 universum

57 622 93 688 de
119 621 330 708 homonymis.
384 623 455 690 Scio
490 624 570 691 haec
605 625 673 692 sine
707 631 857 692 accurata
892 623 1084 693 scholiorum
1118 630 1274 710 pervesti-

9 743 16 764 ·
57 731 183 812 gatione
214 733 257 798 ad
289 733 445 816 liquidum
478 751 640 814 nunquam
674 733 806 816 perduci
835 751 943 816 posse;
980 753 1078 800 unum
1112 735 1274 802 addidisse

56 837 176 922 placet,
212 841 450 924 coniungendos
485 859 556 907 esse
591 840 712 908 indices
748 839 941 907 scholiastae
969 861 1039 909 cum
1057 843 1184 916 ¹ceteris
1220 843 1275 926 qui

56 951 227 1028 supersunt
248 947 449 1032 maximeque
471 947 666 1030 Laertianis,
696 948 792 1030 idque
816 966 853 1014 ao
877 949 994 1030 magis,
1018 950 1275 1033 quandoquidem

56 1052 250 1137 biographus
266 1049 460 1123 Laertianus'
481 1057 522 1122 ad
546 1057 736 1123 comicorum
759 1057 944 1122 testimonia
967 1057 1138 1124 adamabat
1161 1077 1275 1140 provo·

57 1179 140 1229 core:
171 1162 316 1230 conferas
344 1165 438 1230 modo
461 1163 606 1230 Platonis
633 1166 732 1230 vitam
761 1169 794 1230 et
818 1163 969 1231 Socratis.
1016 1166 1079 1232 Fac
1102 1184 1180 1232 vera
1203 1185 1274 1232 esse

57 1289 135 1352 quae
159 1271 237 1337 dixi:
262 1270 433 1338 habebitur
455 1277 582 1356 tempus
606 1291 668 1355 quo
692 1271 814 1338 scholia
837 1273 869 1338 in
893 1273 1142 1356 Aristophanem
1164 1281 1275 1341 vetera

58 1379 232 1461 composita
261 1385 335 1446 sunt
366 1381 512 1464 angustis
535 1380 681 1446 terminis
705 1380 987 1464 circumscriptum.
1037 1381 1167 1448 Certum
1190 1384 1274 1448 enim

58 1491 112 1566 est,
137 1487 224 1571 quod
239 1487 272 1552 in
288 1487 515 1554 dissertatione
540 1488 590 1554 ‘da
606 1486 798 1571 Sibyllarum
814 1489 981 1555 indicibus’
1006 1510 1037 1572 p.
1056 1493 1076 1554 2
1099 1509 1130 1555 n.
1149 1491 1273 1572 scripsi,

57 1595 251 1677 prompsisse
286 1613 325 1661 ex
359 1595 488 1662 scholiis
516 1596 684 1662 Aelianum
715 1595 766 1680 [cf.
798 1597 895 1662 etiam
924 1597 960 1663 V.
991 1596 1031 1662 H.
1060 1597 1146 1678 XIII,
1171 1601 1209 1661 17
1240 1603 1274 1663 et

59 1701 151 1768 schol.
185 1703 219 1768 in
248 1721 334 1786 resp.
363 1703 478 1789 1490];
509 1705 701 1770 addiscimus
724 1723 808 1770 nunc
830 1703 1042 1785 biographum
1066 1705 1273 1770 Laertianum

59 1805 219 1876 Hadriano
243 1811 410 1894 aequalem
433 1813 519 1879 inter
535 1811 727 1878 scholiastae
742 1810 848 1879 fontes
864 1829 934 1877 esse
951 1809 1271 1893 numerandum¹⁴⁵·).

506 2095 536 2153 b.
554 2097 598 2154 lla
616 2095 826 2154 Aesahlulbns.

144 2239 332 2322 Apollonius
357 2257 427 2305 cum
450 2239 617 2306 Aeschinis
634 2239 839 2306 Atheniensis
862 2240 961 2306 vitam
986 2245 1161 2321 enarraret,
1178 2239 1273 2306 Eleu-

60 2345 128 2411 siuii
166 2348 360 2414 mentionem
399 2347 509 2414 iniecit
546 2347 686 2414 rhetoris
724 2347 907 2430 homonymi
946 2347 1130 2432 [biographi
1164 2349 1271 2430 graeci

60 2453 193 2521 minores
221 2455 270 2520 ed.
305 2455 538 2522 Westermaun.
574 2475 606 2538 p.
631 2457 695 2522 266
719 2455 795 2540 sq.]:
824 2445 866 2542 ἦν
889 2455 927 2520 δὲ
955 2459 1009 2518 καί
1037 2458 1141 2542 ἔτερος
1169 2453 1272 2543 ῥητωρ

59 2562 207 2648 Αίσχίνης
224 2555 430 2644 Ἐλευσίνιος,
459 2561 494 2638 ὃς
516 2561 573 2627 καί
596 2565 709 2645 τέχνας
731 2563 856 2642 λέγεται
879 2562 1045 2650 ῥητορικὰς
1066 2567 1270 2650 γεγραφέναι.

59 2665 175 2734 Eadem
209 2675 244 2736 at
277 2670 400 2736 minora
434 2669 583 2737 Laertius
610 2670 707 2736 1164
737 2671 885 2737 tradidit:
922 2669 1066 2756 δεύτερος
1095 2669 1272 2755 [Αἰσχίνης]
1370 2688 1373 2696 ·

60 2769 150 2852 droia
172 2781 289 2860 τέχνας
310 2775 479 2866 γεγραφώς
500 2775 559 2854 τοὶς
582 2776 756 2866 ῥητορικάς.
792 2779 842 2845 Ad
864 2777 1076 2860 biographum
1092 2777 1126 2842 L.
1151 2776 1298 2842 referre·

59 2881 256 2966 Apollonium
287 2903 470 2968 possumus,
507 2891 541 2952 at
574 2905 638 2953 non
667 2888 821 2970 cogimur:
861 2891 1008 2952 vetamur
1035 2885 1095 2950 hac
1122 2885 1273 2950 Wilamo·

59 2991 149 3058 simii
175 2993 421 3061 ratiocinatione
444 2994 560 3060 Photio
592 2995 660 3060 cod.
687 2996 728 3060 64
752 2995 869 3060 innixa.
916 2994 948 3059 Is
973 2993 1102 3076 scripsit
1127 2989 1196 3059 ιοὐκ
1218 2991 1272 3072 ἐγ-

59 3103 151 3184 κρίνει
178 3101 214 3166 da
243 3099 316 3186 [τὸν
339 3101 505 3188 Δηλιακὸν
532 3097 643 3188 λόγον]
667 3099 685 3168 ὁ
708 3102 873 3178 Καικίλιος
895 3097 966 3166 ἀλλ’
991 3103 1149 3186 Αίσχίνην
1171 3099 1272 3165 ἄλλον

60 3205 231 3296 σύγχρονον
257 3209 350 3276 τοῦδε
374 3207 560 3293 Ἀθηναῖοι
588 3209 647 3276 τὸν
675 3214 801 3296 πατέρα
830 3211 915 3276 alvos
943 3206 1124 3287 τοῦλόγου
1148 3205 1271 3292 φησίν,

61 3315 121 3380 scil.
148 3315 356 3383 Eleusinium.
410 3316 567 3384 Caecilius
601 3317 701 3400 igitur
734 3319 768 3383 in
796 3318 863 3383 vita
891 3315 1058 3382 Aeschinis
1088 3315 1271 3398 ibidemque

61 3420 241 3502 Apollonius
268 3423 467 3489 Eleusiniam
496 3430 769 3506 memoraverunt,
806 3423 988 3508 pendetque
1017 3423 1049 3488 in
1077 3422 1223 3504 plurimis
1252 3441 1272 3488 a

62 3526 190 3597 Caecilio
213 3529 403 3613 Apollonius
431 3529 533 3615 [velut
560 3531 593 3597 in
622 3531 885 3598 antecedentibus
909 3529 947 3595 cf.
971 3529 1141 3595 Westerm.
1167 3527 1269 3612 adn.]:

62 3637 198 3704 tenemus
222 3637 383 3721 Apollonii
412 3639 543 3705 indiculi
567 3645 730 3708 auctorem
755 3639 934 3706 Caecilium.
985 3639 1126 3717 Quocum
1149 3637 1272 3704 Laertii

63 3745 218 3828 catalogus
249 3745 399 3828 quoniam
432 3747 557 3813 vincqu
585 3749 723 3832 q'uodam
754 3745 919 3827 cohaeret,
955 3745 1152 3828 biographus
1175 3745 1271 3810 Laer-

63 3850 160 3919 tianus
182 3859 219 3920 ut
241 3853 440 3919 Demetrium
463 3854 646 3936 Magnetem
675 3863 709 3923 et
731 3855 936 3921 Polemonem
963 3854 1011 3919 ita
1034 3853 1207 3920 Caecilium
1231 3854 1272 3919 ad

64 3961 287 4041 componendos
310 3961 513 4043 cognomines
536 3961 753 4044 adsumpsisse
776 3960 952 4027 censendus
977 3965 1035 4025 est.

126 4099 193 4170 ¹¹⁵⁸)
209 4101 288 4157 Vixit
312 4101 396 4172 igitur
420 4101 567 4158 scholiasta
590 4133 624 4144 -
644 4103 821 4172 Symmachus
847 4131 877 4140 -
903 4107 967 4158 ante
986 4101 1130 4156 Aelianum
1155 4105 1183 4156 ot
1208 4107 1271 4171 post

64 4183 232 4262 biographum
249 4191 425 4248 Laertiauum
442 4191 461 4250 i.
480 4207 504 4248 e.
523 4207 544 4250 c.
569 4194 708 4250 140-200
725 4210 750 4263 p.
772 4192 836 4248 Chr.
855 4207 880 4246 n.

1077 4282 1110 4336 9*
