3016 4858
1210 217 1274 283 115

141 398 185 464 hc
210 395 373 466 Eudociae
402 395 442 464 de
469 393 662 463 Antisthene
693 393 848 462 articulus
879 393 964 479 quod
992 394 1121 461 videtur
1147 394 1280 461 llechio

64 523 258 590 nequaquam
288 506 501 585 demonstrat,
537 519 730 586 quamquam
757 503 857 568 verba
888 501 1004 568 ultima
1031 501 1219 588 ‘iactentque
1244 501 1282 566 dh

57 609 232 698 Ἀθήνησιν
265 608 559 697 ἑβδομηκοντούτης
593 607 775 694 γενόμενος’
809 609 905 675 hodie
940 609 972 674 in
1007 610 1128 676 nostris
1162 609 1281 675 Suidae

61 717 216 784 codicibus
249 719 369 784 omissa
397 723 487 783 sunt:
518 735 592 782 uam
621 717 720 782 etiam
749 736 788 782 ex
816 716 971 798 plenioris
999 717 1117 782 codicis
1151 734 1213 781 usu
1247 715 1281 780 id

61 823 160 904 ipsum
177 820 471 908 explicaretur¹¹⁹).
510 823 735 890 Examinemus
758 824 858 905 igitur
875 823 1007 905 Epicuri
1030 823 1071 888 ad
1094 821 1281 905 Pythoclem

62 934 92 994 et
100 931 299 997 Herodotum
312 931 477 1014 epistulas.
504 931 672 1010 Quaecuun
686 929 737 996 uel
749 934 884 1014 propter
895 930 1059 1012 ingentem
1072 929 1281 996 ambitum—

61 1038 256 1120 undeviginti
273 1039 435 1120 complent
449 1039 586 1121 paginas
603 1037 796 1104 Cobetianas
826 1074 860 1083 —
886 1056 927 1102 ne
944 1038 977 1104 in
992 1037 1137 1119 pleniore
1153 1036 1283 1118 quidem

64 1143 156 1209 Suida
172 1145 239 1210 ullo
254 1151 350 1228 pacto
362 1145 489 1227 possint
501 1163 641 1228 unquam
653 1145 810 1224 extitisse,
827 1144 1048 1226 quaestionem
1060 1142 1281 1226 profligarent,

62 1251 237 1334 victumque
259 1257 297 1333 ut
318 1270 369 1316 me
393 1250 514 1318 faterer
538 1256 706 1334 cogerent:
732 1251 902 1316 dummodo
926 1255 1174 1334 reapseessent
1196 1251 1283 1333 apud

63 1355 230 1423 Eudocium
253 1357 423 1440 pleniores.
464 1357 580 1424 Mirum
604 1377 655 1424 me
677 1356 785 1438 habet,
810 1357 895 1440 quod
910 1357 968 1422 illa
983 1375 1003 1421 a
1018 1341 1148 1424 Laertio
1164 1357 1284 1424 omissa

63 1463 207 1530 llachius
230 1465 414 1547 supersedit
436 1463 628 1547 significare.
669 1463 811 1548 Cumque
835 1469 868 1530 et
890 1464 1021 1547 longuun
1044 1464 1088 1529 sit
1111 1469 1145 1529 et
1166 1464 1283 1530 moles-

63 1574 126 1636 turn
148 1571 310 1638 lludociae
333 1572 526 1654 indigestam
549 1571 666 1638 molem
691 1609 734 1620 -
758 1575 808 1638 est
831 1575 865 1638 et
892 1571 965 1654 ipsa
992 1571 1025 1635 in
1053 1570 1283 1652 stupidiuimis

65 1679 121 1742 etsi
143 1697 235 1744 secus
257 1678 386 1744 videtur
400 1677 531 1743 llachio
554 1713 599 1726 -
623 1697 694 1744 curn
709 1677 839 1743 Laertio
865 1672 1097 1761 conferre¹¹⁹⁵),
1113 1695 1227 1744 vereor
1241 1695 1283 1743 ne

65 1783 188 1852 Flachio
223 1783 303 1850 fides
338 1784 408 1850 sine
443 1789 593 1850 accurato
622 1784 767 1850 examine
801 1783 969 1850 habeatur.
1016 1783 1091 1866 lpse
1125 1782 1285 1865 quentilla

66 1888 124 1954 istu
138 1892 180 1956 sit
194 1890 286 1972 fides,
310 1895 481 1974 postquam
505 1909 624 1973 operae
646 1911 710 1957 nou
727 1891 858 1973 peperci
880 1889 1098 1973 comparandi,
1121 1891 1282 1973 perspexi.

67 1995 173 2063 Omnia
194 1996 357 2080 proferam
381 1997 527 2080 exempla
550 2003 708 2082 quotquot
730 1997 945 2066 inveniuntur.

148 2105 184 2170 lu
208 2104 348 2186 epistola
371 2105 625 2170 ad'llerodotum
648 2124 679 2186 p.
700 2107 773 2187 181,
798 2107 842 2170 24
865 2103 1036 2188 [Villoison
1059 2104 1170 2172 anecd.
1188 2103 1282 2190 gal]

67 2211 156 2276 verba
177 2213 342 2277 Eudociae
364 2213 420 2276 καὶ
449 2209 531 2296 πρὸς
554 2210 646 2276 ἁπλοῖ
670 2209 903 2296 στοιχειώματα
926 2214 983 2275 eal
1007 2213 1121 2296 φωνὰς
1143 2226 1282 2292 συναγο-

66 2321 165 2396 μένων
176 2319 294 2384 desuut
306 2319 418 2384 eodem
431 2318 517 2400 apud
529 2319 695 2384 Laertium
706 2319 777 2386 loco
791 2318 835 2402 [ll
851 2337 882 2400 p.
897 2319 972 2398 263,
993 2320 1033 2384 16
1046 2318 1123 2402 sq.];
1141 2320 1282 2404 itemque

66 2440 92 2502 p.
108 2426 176 2506 188,
194 2427 234 2490 12
247 2423 307 2490 ὲοὶν
318 2448 378 2510 περ
390 2425 527 2512 διαμένῃ
543 2421 602 2505 ὀξὺ
613 2425 675 2510 τήν
686 2429 843 2510 αἴσθησιν
854 2425 941 2507 apud
952 2425 1118 2492 Laertium
1129 2426 1161 2490 X
1171 2428 1281 2508 11269,

68 2531 103 2592 15
124 2549 169 2614 sq.
198 2533 231 2598 in
256 2533 395 2614 epistola
418 2533 460 2597 ad
482 2532 669 2615 Pythoclem
693 2553 724 2615 p.
752 2535 899 2614 174,11;
924 2537 958 2598 et
981 2537 1038 2600 eal
1061 2529 1100 2600 οὗ
1121 2533 1283 2618 λυομένου

66 2635 165 2702 πάντα
191 2641 234 2705 τὰ
261 2638 298 2703 ἐν
324 2635 414 2727 αὐτῷ
443 2637 596 2721 σύγχυσιν
623 2639 762 2727 λήψεται
795 2640 881 2723 apud
908 2639 1073 2706 Laenium
1102 2639 1133 2704 Χ
1156 2659 1187 2722 p.
1205 2641 1281 2720 274,

66 2751 270 2764 ξι..-

129 2810 177 2882 no)
189 2812 229 2867 Gi.
241 2812 307 2868 diss.
318 2828 406 2868 meam
419 2813 461 2869 ‘de
475 2813 638 2883 Sibyllarum
651 2812 797 2869 indicibus’
807 2811 898 2868 Bercl.
911 2815 978 2869 1879
991 2828 1018 2882 p.
1030 2815 1074 2871 55.
1092 2813 1280 2870 Eudociaur

66 2897 213 2964 pleniore
233 2901 358 2956 Suidae
382 2902 499 2957 codice
518 2919 610 2958 usam
628 2919 705 2958 esse
732 2901 873 2958 remesime
896 2901 952 2958 mm
975 2903 1068 2972 posuit
1085 2901 1281 2972 Bernhardyus

66 2984 91 3038 in
111 2989 193 3057 praei.
218 2989 253 3045 ad
274 2989 375 3045 Suidae
398 2989 508 3046 lexicon
531 3008 558 3060 p.
577 2975 698 3047 xxxin
717 3007 756 3060 sq.
783 2989 830 3062 [cl.
854 2992 937 3048 etiarn
954 2991 987 3048 R
1005 2991 1139 3048 Nitzsche
1165 2993 1279 3060 ‘quaest

66 3071 160 3130 Endoc.
179 3093 258 3147 capp.
277 3077 323 3133 1v·
341 3078 505 3149 Altenburpi
526 3083 594 3136 1868
612 3098 639 3150 p.
659 3083 694 3137 30
713 3079 792 3152 sqq.].

128 3166 236 3235 Moneo,
254 3167 337 3222 etium
357 3183 378 3222 s.
397 3183 423 3222 v.
437 3166 606 3239 Ἀρίστιππος
624 3169 776 3225 Eudociarn
794 3183 871 3224 usam
890 3183 949 3224 esse
969 3169 1062 3238 Suida,
1081 3183 1142 3224 cum
1158 3167 1281 3224 adiceret

66 3255 143 3316 patris
159 3271 257 3311 nomeu
276 3256 416 3326 ‘Aritadi'3
442 3257 514 3325 quod
532 3275 592 3314 cum
611 3259 683 3314 desit
701 3260 730 3313 in
748 3259 875 3327 laertio,
893 3258 1024 3314 llacbiua
1042 3273 1226 3328 praepropere
1244 3257 1279 3313 de

67 3339 176 3406 pleniore
195 3345 332 3414 quondam
350 3345 462 3400 Laertio
485 3341 625 3415 cogitarit.
660 3347 695 3402 E.
713 3347 829 3404 Rohdeo
848 3347 955 3402 Flaehii
977 3346 1116 3416 persuasit
1135 3363 1280 3418 argaman

69 3429 127 3483 tutio
151 3432 230 3502 [uuus.
249 3434 327 3488 rhen.
345 3434 463 3490 XXXIV
487 3451 513 3504 p.
532 3437 605 3504 scay.
625 3467 657 3476 -
677 3436 771 3492 Etiam
794 3435 902 3490 Flachii
923 3437 958 3491 de
980 3435 1118 3505 Hesychio
1142 3451 1279 3492 commen·

68 3517 186 3574 tutionem
210 3523 463 3592 ‘untersucbuugen
490 3523 559 3578 uber
584 3525 736 3594 Hesychius
759 3523 893 3578 Milesius’
924 3523 1025 3580 editam
1053 3525 1082 3579 in
1108 3541 1176 3580 mna.
1201 3525 1278 3579 rhen.

69 3605 113 3658 lol-
129 3609 231 3665 XXXV
251 3611 343 3682 [1880]
362 3627 387 3680 p.
404 3615 453 3667 191
474 3629 532 3681 sqq.
553 3618 638 3668 totam
663 3629 722 3668 esse
746 3613 852 3666 irritam
871 3611 1017 3681 concedet,
1041 3613 1089 3682 qui
1112 3619 1277 3668 commenta·

69 3691 204 3752 iunoniam
222 3699 303 3753 istam
315 3699 503 3754 Eudocianam
514 3701 557 3754 uti
574 3717 625 3770 par
637 3706 680 3756 est
697 3700 901 3770 improbaverit.
932 3701 976 3754 lix
994 3700 1088 3756 οοᾶοτο
1106 3701 1140 3756 de
1153 3700 1279 3756 Eudocia

69 3787 250 3852 mpemtitiona
269 3787 442 3856 explicantur
460 3805 529 3857 quae
548 3795 645 3844 contra
658 3789 878 3844 dissertationem
896 3805 983 3844 meam
1001 3788 1074 3843 idem
1092 3790 1161 3844 mihi
1178 3805 1277 3858 nuper·

69 3871 127 3927 rins
143 3875 263 3932 obvertit
281 3875 310 3930 iu
322 3875 412 3930 luhuii
430 3892 491 3930 ann.
512 3877 600 3932 CXXI
619 3871 715 3948 [1880]
735 3894 761 3946 p.
775 3879 825 3932 106
845 3893 904 3946 sqq.
935 3877 1014 3932 Adde
1027 3877 1099 3946 quod
1111 3893 1154 3934 ure
1167 3879 1277 3934 omnino

70 3975 115 4014 non
131 3963 270 4022 intellexit

133 4051 189 4118 1111)
210 4053 352 4122 Epistulas
377 4053 438 4107 illas
460 4053 489 4108 iu
512 4053 631 4110 editione
649 4055 791 4112 Eudociae
813 4055 902 4126 [Lipr.
925 4055 1004 4126 1880]
1024 4054 1115 4110 omisit
1133 4055 1275 4111 Flachiusl

70 4133 142 4194 Vides
158 4148 188 4196 ut
207 4143 265 4212 ipse
284 4147 444 4212 argumento
462 4159 511 4197 suo
530 4141 645 4200 diffidat

1067 4234 1115 4291 ὃ*
