<?xml version="1.0" encoding="UTF-8"?>
<!DOCTYPE html PUBLIC "-//W3C//DTD XHTML 1.0 Transitional//EN"
    "http://www.w3.org/TR/xhtml1/DTD/xhtml1-transitional.dtd">
<html xmlns="http://www.w3.org/1999/xhtml" xml:lang="en" lang="en">
 <head>
  <title>
</title>
<meta http-equiv="Content-Type" content="text/html;charset=utf-8" />
  <meta name='ocr-system' content='tesseract 3.04.00' />
  <meta name='ocr-capabilities' content='ocr_page ocr_carea ocr_par ocr_line ocrx_word'/>
</head>
<body>
  <div class='ocr_page' id='page_1' title='image "./philologischeun00maasgoog/philologischeun00maasgoog_0428.png"; bbox 0 0 3010 4866; ppageno 0'>
   <div class='ocr_carea' id='block_1_1' title="bbox 1246 243 1286 306">
    <p class='ocr_par' dir='ltr' id='par_1_1' title="bbox 1246 243 1286 306">
     <span class='ocr_line' id='line_1_1' title="bbox 1246 243 1286 306; baseline 0 0"><span class='ocrx_word' id='word_1_1' title='bbox 1246 243 1286 306; x_wconf 85' lang='lat'><strong>51</strong></span> 
     </span>
    </p>
   </div>
   <div class='ocr_carea' id='block_1_2' title="bbox 65 409 1291 500">
    <p class='ocr_par' dir='ltr' id='par_1_2' title="bbox 65 409 1291 500">
     <span class='ocr_line' id='line_1_2' title="bbox 65 409 1291 500; baseline 0.004 -20"><span class='ocrx_word' id='word_1_2' title='bbox 65 413 135 480; x_wconf 80' lang='lat' dir='ltr'><strong>alii.</strong></span> <span class='ocrx_word' id='word_1_3' title='bbox 183 409 227 480; x_wconf 84' lang='lat' dir='ltr'><strong>m</strong></span> <span class='ocrx_word' id='word_1_4' title='bbox 250 414 332 480; x_wconf 85' lang='lat' dir='ltr'><strong>haec</strong></span> <span class='ocrx_word' id='word_1_5' title='bbox 354 415 482 498; x_wconf 89' lang='lat' dir='ltr'><strong>quidem</strong></span> <span class='ocrx_word' id='word_1_6' title='bbox 505 419 543 480; x_wconf 91' lang='lat' dir='ltr'><strong>ut</strong></span> <span class='ocrx_word' id='word_1_7' title='bbox 564 422 700 497; x_wconf 82' lang='lat' dir='ltr'><strong>possunt</strong></span> <span class='ocrx_word' id='word_1_8' title='bbox 728 416 877 482; x_wconf 86' lang='lat' dir='ltr'><strong>contendi</strong></span> <span class='ocrx_word' id='word_1_9' title='bbox 906 418 953 482; x_wconf 84' lang='lat' dir='ltr'><strong>ite</strong></span> <span class='ocrx_word' id='word_1_10' title='bbox 976 423 1139 500; x_wconf 88' lang='lat' dir='ltr'><strong>nequeunt</strong></span> <span class='ocrx_word' id='word_1_11' title='bbox 1162 419 1291 484; x_wconf 86' lang='lat' dir='ltr'><strong>demon-</strong></span> 
     </span>
    </p>
   </div>
   <div class='ocr_carea' id='block_1_3' title="bbox 13 521 1298 3916">
    <p class='ocr_par' dir='ltr' id='par_1_3' title="bbox 64 521 1294 1889">
     <span class='ocr_line' id='line_1_3' title="bbox 66 521 1291 610; baseline 0.002 -22"><span class='ocrx_word' id='word_1_12' title='bbox 66 524 172 588; x_wconf 89' lang='lat' dir='ltr'><strong>strari.</strong></span> <span class='ocrx_word' id='word_1_13' title='bbox 208 559 253 570; x_wconf 86' lang='lat'>-</span> <span class='ocrx_word' id='word_1_14' title='bbox 289 523 332 587; x_wconf 87' lang='lat' dir='ltr'><strong>At</strong></span> <span class='ocrx_word' id='word_1_15' title='bbox 366 539 449 605; x_wconf 86' lang='lat' dir='ltr'><strong>quoe</strong></span> <span class='ocrx_word' id='word_1_16' title='bbox 485 524 648 588; x_wconf 86' lang='lat' dir='ltr'><strong>secunturl</strong></span> <span class='ocrx_word' id='word_1_17' title='bbox 706 521 803 608; x_wconf 79' lang='lat' dir='ltr'><strong>Quin</strong></span> <span class='ocrx_word' id='word_1_18' title='bbox 836 522 914 588; x_wconf 76' lang='lat' dir='ltr'><strong>adeo</strong></span> <span class='ocrx_word' id='word_1_19' title='bbox 947 522 1056 588; x_wconf 80' lang='lat' dir='ltr'><strong>statui</strong></span> <span class='ocrx_word' id='word_1_20' title='bbox 1079 529 1211 610; x_wconf 60' lang='lat' dir='ltr'><strong>petest·</strong></span> <span class='ocrx_word' id='word_1_21' title='bbox 1234 545 1291 592; x_wconf 79' lang='lat' dir='ltr'><strong>cm</strong></span> 
     </span>
     <span class='ocr_line' id='line_1_4' title="bbox 65 626 1293 716; baseline 0.004 -23"><span class='ocrx_word' id='word_1_22' title='bbox 65 628 257 695; x_wconf 78' lang='lat' dir='ltr'><strong>Favorinus</strong></span> <span class='ocrx_word' id='word_1_23' title='bbox 286 628 421 694; x_wconf 82' lang='grc' dir='ltr'><strong><em>τ’πντπέο</em></strong></span> <span class='ocrx_word' id='word_1_24' title='bbox 449 627 562 694; x_wconf 70' lang='lat' dir='ltr'><strong>munch</strong></span> <span class='ocrx_word' id='word_1_25' title='bbox 590 626 750 703; x_wconf 74' lang='lat' dir='ltr'><em>debuerit,</em></span> <span class='ocrx_word' id='word_1_26' title='bbox 786 628 951 716; x_wconf 72' lang='grc' dir='ltr'><strong><em>ττητιιὶίττπ</em></strong></span> <span class='ocrx_word' id='word_1_27' title='bbox 977 636 1081 696; x_wconf 71' lang='lat' dir='ltr'><strong>totum</strong></span> <span class='ocrx_word' id='word_1_28' title='bbox 1112 632 1219 697; x_wconf 84' lang='lat' dir='ltr'><strong>locum</strong></span> <span class='ocrx_word' id='word_1_29' title='bbox 1253 633 1293 697; x_wconf 68' lang='lat' dir='ltr'><strong>de</strong></span> 
     </span>
     <span class='ocr_line' id='line_1_5' title="bbox 65 733 1291 823; baseline 0.004 -23"><span class='ocrx_word' id='word_1_30' title='bbox 65 737 272 822; x_wconf 77' lang='lat' dir='ltr'><em>Protagorae</em></span> <span class='ocrx_word' id='word_1_31' title='bbox 293 733 440 800; x_wconf 65' lang='lat' dir='ltr'><strong>iuvenes</strong></span> <span class='ocrx_word' id='word_1_32' title='bbox 471 737 564 802; x_wconf 90' lang='lat' dir='ltr'><em>VIII</em></span> <span class='ocrx_word' id='word_1_33' title='bbox 581 735 712 802; x_wconf 76' lang='lat'>50-54</span> <span class='ocrx_word' id='word_1_34' title='bbox 734 739 861 801; x_wconf 80' lang='grc' dir='ltr'><strong><em>τοττεέαέ</em></strong></span> <span class='ocrx_word' id='word_1_35' title='bbox 880 755 924 802; x_wconf 82' lang='lat' dir='ltr'><strong>ex</strong></span> <span class='ocrx_word' id='word_1_36' title='bbox 945 736 1125 823; x_wconf 67' lang='lat' dir='ltr'><strong>omnc‘greno</strong></span> <span class='ocrx_word' id='word_1_37' title='bbox 1148 735 1291 804; x_wconf 73' lang='lat' dir='ltr'><strong>hastario</strong></span> 
     </span>
     <span class='ocr_line' id='line_1_6' title="bbox 65 843 1293 929; baseline 0.005 -23"><span class='ocrx_word' id='word_1_38' title='bbox 65 863 128 907; x_wconf 81' lang='lat' dir='ltr'><strong>esse</strong></span> <span class='ocrx_word' id='word_1_39' title='bbox 150 843 372 929; x_wconf 74' lang='lat' dir='ltr'><strong>desumptum.</strong></span> <span class='ocrx_word' id='word_1_40' title='bbox 411 843 460 907; x_wconf 86' lang='lat' dir='ltr'><strong>En</strong></span> <span class='ocrx_word' id='word_1_41' title='bbox 485 861 630 908; x_wconf 90' lang='lat' dir='ltr'><strong>errorum</strong></span> <span class='ocrx_word' id='word_1_42' title='bbox 653 859 755 924; x_wconf 85' lang='lat' dir='ltr'><strong>paene</strong></span> <span class='ocrx_word' id='word_1_43' title='bbox 778 843 898 908; x_wconf 89' lang='lat' dir='ltr'><strong>nidum.</strong></span> <span class='ocrx_word' id='word_1_44' title='bbox 940 843 1078 909; x_wconf 88' lang='lat' dir='ltr'><strong>Omnia</strong></span> <span class='ocrx_word' id='word_1_45' title='bbox 1100 846 1152 910; x_wconf 94' lang='lat' dir='ltr'><strong>cni</strong></span> <span class='ocrx_word' id='word_1_46' title='bbox 1175 845 1293 912; x_wconf 86' lang='lat' dir='ltr'><strong>debeat</strong></span> 
     </span>
     <span class='ocr_line' id='line_1_7' title="bbox 64 949 1290 1036; baseline 0.003 -22"><span class='ocrx_word' id='word_1_47' title='bbox 64 949 195 1014; x_wconf 80' lang='lat' dir='ltr'><strong>invente</strong></span> <span class='ocrx_word' id='word_1_48' title='bbox 224 949 403 1015; x_wconf 85' lang='lat' dir='ltr'><strong>Favorinus</strong></span> <span class='ocrx_word' id='word_1_49' title='bbox 432 949 555 1031; x_wconf 80' lang='lat' dir='ltr'>Oedipo</span> <span class='ocrx_word' id='word_1_50' title='bbox 587 951 688 1015; x_wconf 90' lang='lat' dir='ltr'><strong>sotius</strong></span> <span class='ocrx_word' id='word_1_51' title='bbox 721 955 771 1014; x_wconf 88' lang='lat' dir='ltr'><strong>est</strong></span> <span class='ocrx_word' id='word_1_52' title='bbox 798 949 840 1014; x_wconf 88' lang='lat' dir='ltr'><strong>ad</strong></span> <span class='ocrx_word' id='word_1_53' title='bbox 868 949 1075 1016; x_wconf 84' lang='lat' dir='ltr'><strong>divinandum</strong></span> <span class='ocrx_word' id='word_1_54' title='bbox 1100 971 1290 1036; x_wconf 82' lang='lat' dir='ltr'><strong>proponere.</strong></span> 
     </span>
     <span class='ocr_line' id='line_1_8' title="bbox 64 1053 1293 1141; baseline 0.003 -23"><span class='ocrx_word' id='word_1_55' title='bbox 64 1053 164 1121; x_wconf 91' lang='lat' dir='ltr'><strong>Porro</strong></span> <span class='ocrx_word' id='word_1_56' title='bbox 188 1056 388 1139; x_wconf 79' lang='lat' dir='ltr'>Protagorae</span> <span class='ocrx_word' id='word_1_57' title='bbox 411 1057 543 1124; x_wconf 82' lang='lat' dir='ltr'><strong>inventa</strong></span> <span class='ocrx_word' id='word_1_58' title='bbox 565 1057 653 1123; x_wconf 89' lang='lat' dir='ltr'><strong>nullo</strong></span> <span class='ocrx_word' id='word_1_59' title='bbox 677 1055 787 1121; x_wconf 90' lang='lat' dir='ltr'><strong>addito</strong></span> <span class='ocrx_word' id='word_1_60' title='bbox 811 1055 909 1122; x_wconf 83' lang='lat' dir='ltr'><strong>verbo</strong></span> <span class='ocrx_word' id='word_1_61' title='bbox 933 1055 1034 1121; x_wconf 89' lang='lat' dir='ltr'><strong>iactat</strong></span> <span class='ocrx_word' id='word_1_62' title='bbox 1058 1075 1095 1122; x_wconf 85' lang='lat' dir='ltr'><strong>ex</strong></span> <span class='ocrx_word' id='word_1_63' title='bbox 1123 1060 1293 1141; x_wconf 83' lang='lat' dir='ltr'><strong>omnigena</strong></span> 
     </span>
     <span class='ocr_line' id='line_1_9' title="bbox 64 1159 1291 1248; baseline 0.004 -23"><span class='ocrx_word' id='word_1_64' title='bbox 64 1159 201 1227; x_wconf 80' lang='lat' dir='ltr'><strong>historia</strong></span> <span class='ocrx_word' id='word_1_65' title='bbox 239 1161 369 1230; x_wconf 81' lang='lat' dir='ltr'><strong>fluxisse</strong></span> <span class='ocrx_word' id='word_1_66' title='bbox 407 1164 542 1229; x_wconf 87' lang='lat' dir='ltr'><strong>omnia.</strong></span> <span class='ocrx_word' id='word_1_67' title='bbox 602 1165 646 1228; x_wconf 81' lang='lat' dir='ltr'><strong>nt</strong></span> <span class='ocrx_word' id='word_1_68' title='bbox 690 1161 820 1245; x_wconf 86' lang='lat' dir='ltr'><strong>scripsit</strong></span> <span class='ocrx_word' id='word_1_69' title='bbox 858 1163 1008 1228; x_wconf 81' lang='lat' dir='ltr'><strong>Laertius</strong></span> <span class='ocrx_word' id='word_1_70' title='bbox 1045 1164 1091 1230; x_wconf 88' lang='lat' dir='ltr'><strong>IX</strong></span> <span class='ocrx_word' id='word_1_71' title='bbox 1127 1165 1169 1229; x_wconf 88' lang='lat'><strong>50</strong></span> <span class='ocrx_word' id='word_1_72' title='bbox 1204 1183 1291 1248; x_wconf 90' lang='lat' dir='ltr'><strong>sqq.:</strong></span> 
     </span>
     <span class='ocr_line' id='line_1_10' title="bbox 64 1266 1293 1358; baseline 0.004 -28"><span class='ocrx_word' id='word_1_73' title='bbox 64 1266 205 1332; x_wconf 73' lang='grc' dir='ltr'><strong><em>ἐκαλεῖτό</em></strong></span> <span class='ocrx_word' id='word_1_74' title='bbox 227 1291 261 1333; x_wconf 86' lang='grc' dir='ltr'><strong><em>τε</em></strong></span> <span class='ocrx_word' id='word_1_75' title='bbox 289 1273 407 1356; x_wconf 75' lang='grc' dir='ltr'><strong><em>σοφία,</em></strong></span> <span class='ocrx_word' id='word_1_76' title='bbox 435 1267 480 1345; x_wconf 80' lang='grc' dir='ltr'><strong>ὥς</strong></span> <span class='ocrx_word' id='word_1_77' title='bbox 508 1287 587 1356; x_wconf 87' lang='grc' dir='ltr'><strong><em>φησι</em></strong></span> <span class='ocrx_word' id='word_1_78' title='bbox 611 1273 803 1358; x_wconf 73' lang='grc' dir='ltr'><strong><em>Φαβωρῖνος</em></strong></span> <span class='ocrx_word' id='word_1_79' title='bbox 825 1269 862 1336; x_wconf 82' lang='grc' dir='ltr'><strong><em>ἐν</em></strong></span> <span class='ocrx_word' id='word_1_80' title='bbox 883 1293 918 1337; x_wconf 92' lang='grc' dir='ltr'><strong>π.</strong></span> <span class='ocrx_word' id='word_1_81' title='bbox 944 1267 981 1336; x_wconf 72' lang='grc' dir='ltr'><strong>λ·</strong></span> <span class='ocrx_word' id='word_1_82' title='bbox 1006 1277 1061 1335; x_wconf 82' lang='grc' dir='ltr'><strong>καὶ</strong></span> <span class='ocrx_word' id='word_1_83' title='bbox 1083 1274 1210 1357; x_wconf 83' lang='grc' dir='ltr'><strong><em>πρῶτος</em></strong></span> <span class='ocrx_word' id='word_1_84' title='bbox 1232 1269 1293 1358; x_wconf 82' lang='grc' dir='ltr'><strong>ἔφη</strong></span> 
     </span>
     <span class='ocr_line' id='line_1_11' title="bbox 64 1371 1291 1464; baseline 0.005 -26"><span class='ocrx_word' id='word_1_85' title='bbox 64 1373 118 1440; x_wconf 74' lang='grc' dir='ltr'><strong>δύο</strong></span> <span class='ocrx_word' id='word_1_86' title='bbox 147 1373 264 1457; x_wconf 78' lang='grc' dir='ltr'><strong><em>λόγους</em></strong></span> <span class='ocrx_word' id='word_1_87' title='bbox 294 1379 377 1443; x_wconf 73' lang='grc' dir='ltr'><strong><em>εἶναι</em></strong></span> <span class='ocrx_word' id='word_1_88' title='bbox 405 1382 476 1463; x_wconf 71' lang='grc' dir='ltr'><strong><em>περὶ</em></strong></span> <span class='ocrx_word' id='word_1_89' title='bbox 504 1373 624 1450; x_wconf 83' lang='grc' dir='ltr'><strong><em>παντὸς</em></strong></span> <span class='ocrx_word' id='word_1_90' title='bbox 652 1371 844 1462; x_wconf 74' lang='grc' dir='ltr'><strong><em>πράγματος</em></strong></span> <span class='ocrx_word' id='word_1_91' title='bbox 867 1371 1108 1460; x_wconf 76' lang='grc' dir='ltr'><strong><em>ἀντικειμένους</em></strong></span> <span class='ocrx_word' id='word_1_92' title='bbox 1128 1373 1291 1464; x_wconf 75' lang='grc' dir='ltr'><strong><em>ἀλλήλοις.</em></strong></span> 
     </span>
     <span class='ocr_line' id='line_1_12' title="bbox 64 1481 1293 1568; baseline 0.003 -22"><span class='ocrx_word' id='word_1_93' title='bbox 64 1481 224 1547; x_wconf 81' lang='lat' dir='ltr'><strong>Secuntur</strong></span> <span class='ocrx_word' id='word_1_94' title='bbox 257 1483 357 1564; x_wconf 79' lang='lat' dir='ltr'><strong>dicta,</strong></span> <span class='ocrx_word' id='word_1_95' title='bbox 393 1483 468 1548; x_wconf 92' lang='lat' dir='ltr'><strong>libri</strong></span> <span class='ocrx_word' id='word_1_96' title='bbox 504 1481 545 1548; x_wconf 91' lang='lat' dir='ltr'><strong>ob</strong></span> <span class='ocrx_word' id='word_1_97' title='bbox 579 1501 674 1564; x_wconf 90' lang='lat' dir='ltr'><strong>quom</strong></span> <span class='ocrx_word' id='word_1_98' title='bbox 709 1481 859 1564; x_wconf 84' lang='lat' dir='ltr'><strong>expulsus</strong></span> <span class='ocrx_word' id='word_1_99' title='bbox 895 1487 945 1548; x_wconf 87' lang='lat' dir='ltr'><strong>est</strong></span> <span class='ocrx_word' id='word_1_100' title='bbox 975 1483 1119 1566; x_wconf 85' lang='lat' dir='ltr'><strong>initium,</strong></span> <span class='ocrx_word' id='word_1_101' title='bbox 1155 1483 1293 1568; x_wconf 89' lang='lat' dir='ltr'><strong>denique</strong></span> 
     </span>
     <span class='ocr_line' id='line_1_13' title="bbox 64 1586 1294 1677; baseline 0.001 -23"><span class='ocrx_word' id='word_1_102' title='bbox 64 1588 209 1669; x_wconf 73' lang='lat' dir='ltr'><strong>urente,</strong></span> <span class='ocrx_word' id='word_1_103' title='bbox 246 1589 362 1672; x_wconf 83' lang='lat' dir='ltr'><strong>ombus</strong></span> <span class='ocrx_word' id='word_1_104' title='bbox 398 1589 477 1655; x_wconf 87' lang='lat' dir='ltr'><strong>hacc</strong></span> <span class='ocrx_word' id='word_1_105' title='bbox 505 1589 692 1655; x_wconf 85' lang='lat' dir='ltr'><strong>immiscuit:</strong></span> <span class='ocrx_word' id='word_1_106' title='bbox 727 1589 783 1652; x_wconf 76' lang='lat' dir='ltr'><strong>sel</strong></span> <span class='ocrx_word' id='word_1_107' title='bbox 809 1590 868 1675; x_wconf 72' lang='grc' dir='ltr'><strong><em>τὴν</em></strong></span> <span class='ocrx_word' id='word_1_108' title='bbox 894 1587 1051 1656; x_wconf 86' lang='grc' dir='ltr'><strong><em>διάνοιαν</em></strong></span> <span class='ocrx_word' id='word_1_109' title='bbox 1085 1586 1179 1676; x_wconf 76' lang='grc' dir='ltr'><strong><em>ἀφεὶς</em></strong></span> <span class='ocrx_word' id='word_1_110' title='bbox 1212 1590 1294 1677; x_wconf 86' lang='grc' dir='ltr'><strong><em>πρὸς</em></strong></span> 
     </span>
     <span class='ocr_line' id='line_1_14' title="bbox 65 1694 1293 1784; baseline 0.003 -25"><span class='ocrx_word' id='word_1_111' title='bbox 65 1697 208 1780; x_wconf 76' lang='grc' dir='ltr'><strong><em>τοῦνομα</em></strong></span> <span class='ocrx_word' id='word_1_112' title='bbox 232 1695 381 1783; x_wconf 71' lang='grc' dir='ltr'><strong><em>διελέχθη</em></strong></span> <span class='ocrx_word' id='word_1_113' title='bbox 405 1702 459 1760; x_wconf 77' lang='grc' dir='ltr'><strong>καὶ</strong></span> <span class='ocrx_word' id='word_1_114' title='bbox 487 1697 528 1761; x_wconf 84' lang='grc' dir='ltr'><strong>τὸ</strong></span> <span class='ocrx_word' id='word_1_115' title='bbox 557 1697 628 1761; x_wconf 83' lang='grc' dir='ltr'><strong>νῦν</strong></span> <span class='ocrx_word' id='word_1_116' title='bbox 656 1694 904 1772; x_wconf 76' lang='grc' dir='ltr'><strong><em>ἐπιπολάζον</em></strong></span> <span class='ocrx_word' id='word_1_117' title='bbox 931 1698 1023 1776; x_wconf 73' lang='grc' dir='ltr'><strong><em>γένος</em></strong></span> <span class='ocrx_word' id='word_1_118' title='bbox 1046 1697 1109 1764; x_wconf 78' lang='grc' dir='ltr'><strong><em>τῶν</em></strong></span> <span class='ocrx_word' id='word_1_119' title='bbox 1131 1696 1293 1784; x_wconf 77' lang='grc' dir='ltr'><strong><em>ἐριστικῶν</em></strong></span> 
     </span>
     <span class='ocr_line' id='line_1_15' title="bbox 65 1799 860 1889; baseline 0.006 -25"><span class='ocrx_word' id='word_1_120' title='bbox 65 1801 227 1888; x_wconf 73' lang='grc' dir='ltr'><strong><em>ἐγέννησε·</em></strong></span> <span class='ocrx_word' id='word_1_121' title='bbox 251 1811 306 1868; x_wconf 73' lang='grc' dir='ltr'><strong><em>ἵνα</em></strong></span> <span class='ocrx_word' id='word_1_122' title='bbox 331 1809 384 1868; x_wconf 72' lang='grc' dir='ltr'><strong>καὶ</strong></span> <span class='ocrx_word' id='word_1_123' title='bbox 410 1808 522 1886; x_wconf 85' lang='grc' dir='ltr'><strong><em>Τέμων</em></strong></span> <span class='ocrx_word' id='word_1_124' title='bbox 545 1803 623 1889; x_wconf 85' lang='grc' dir='ltr'><strong><em>φησὶ</em></strong></span> <span class='ocrx_word' id='word_1_125' title='bbox 645 1810 719 1888; x_wconf 74' lang='grc' dir='ltr'><strong><em>περὶ</em></strong></span> <span class='ocrx_word' id='word_1_126' title='bbox 742 1799 860 1869; x_wconf 74' lang='grc' dir='ltr'><strong><em>αὐτοῦ·</em></strong></span> 
     </span>
    </p>

    <p class='ocr_par' dir='ltr' id='par_1_4' title="bbox 105 1907 972 1998">
     <span class='ocr_line' id='line_1_16' title="bbox 105 1907 972 1998; baseline -0.001 -25"><span class='ocrx_word' id='word_1_127' title='bbox 105 1907 335 1998; x_wconf 79' lang='grc' dir='ltr'><strong><em>Ἥρωταγόρης</em></strong></span> <span class='ocrx_word' id='word_1_128' title='bbox 356 1914 383 1974; x_wconf 81' lang='grc' dir='ltr'><strong>τ’</strong></span> <span class='ocrx_word' id='word_1_129' title='bbox 406 1909 570 1994; x_wconf 82' lang='grc' dir='ltr'><strong><em>ἐπέμικτος</em></strong></span> <span class='ocrx_word' id='word_1_130' title='bbox 593 1908 775 1996; x_wconf 73' lang='grc' dir='ltr'><strong><em>ἐριζέμεναι</em></strong></span> <span class='ocrx_word' id='word_1_131' title='bbox 797 1908 831 1976; x_wconf 80' lang='grc' dir='ltr'><strong><em>εὖ</em></strong></span> <span class='ocrx_word' id='word_1_132' title='bbox 855 1907 972 1985; x_wconf 65' lang='lat' dir='ltr'><strong>situe-</strong></span> 
     </span>
    </p>

    <p class='ocr_par' dir='ltr' id='par_1_5' title="bbox 13 2013 1298 3916">
     <span class='ocr_line' id='line_1_17' title="bbox 187 2013 1296 2104; baseline -0.003 -21.266"><span class='ocrx_word' id='word_1_133' title='bbox 187 2017 242 2082; x_wconf 77' lang='grc' dir='ltr'><strong>καὶ</strong></span> <span class='ocrx_word' id='word_1_134' title='bbox 266 2025 390 2104; x_wconf 82' lang='grc' dir='ltr'><strong><em>πρῶτος</em></strong></span> <span class='ocrx_word' id='word_1_135' title='bbox 412 2015 572 2096; x_wconf 79' lang='grc' dir='ltr'><strong><em>κατέδειξε</em></strong></span> <span class='ocrx_word' id='word_1_136' title='bbox 594 2014 651 2092; x_wconf 88' lang='grc' dir='ltr'><strong>τάς</strong></span> <span class='ocrx_word' id='word_1_137' title='bbox 673 2016 754 2104; x_wconf 84' lang='grc' dir='ltr'><strong><em>πρὸς</em></strong></span> <span class='ocrx_word' id='word_1_138' title='bbox 775 2014 833 2092; x_wconf 83' lang='grc' dir='ltr'><strong>τὰς’</strong></span> <span class='ocrx_word' id='word_1_139' title='bbox 861 2020 971 2092; x_wconf 77' lang='grc' dir='ltr'><strong><em>θέσεις</em></strong></span> <span class='ocrx_word' id='word_1_140' title='bbox 1000 2013 1222 2102; x_wconf 79' lang='grc' dir='ltr'><strong><em>ἐπιχειρήσεις,</em></strong></span> <span class='ocrx_word' id='word_1_141' title='bbox 1253 2014 1296 2092; x_wconf 80' lang='grc' dir='ltr'><strong>ὥς</strong></span> 
     </span>
     <span class='ocr_line' id='line_1_18' title="bbox 67 2119 1291 2212; baseline 0.002 -24"><span class='ocrx_word' id='word_1_142' title='bbox 67 2144 163 2208; x_wconf 77' lang='grc' dir='ltr'><strong><em>φησιν</em></strong></span> <span class='ocrx_word' id='word_1_143' title='bbox 180 2119 464 2212; x_wconf 77' lang='grc' dir='ltr'><strong><em>Ἀρτεμίδωρος</em></strong></span> <span class='ocrx_word' id='word_1_144' title='bbox 487 2121 505 2188; x_wconf 83' lang='grc' dir='ltr'>ὁ</span> <span class='ocrx_word' id='word_1_145' title='bbox 529 2122 729 2199; x_wconf 81' lang='grc' dir='ltr'><strong><em>διαλεκτικός</em></strong></span> <span class='ocrx_word' id='word_1_146' title='bbox 752 2123 817 2190; x_wconf 83' lang='grc' dir='ltr'><strong><em>κτλ.</em></strong></span> <span class='ocrx_word' id='word_1_147' title='bbox 856 2123 921 2190; x_wconf 87' lang='lat' dir='ltr'><strong>Ubi</strong></span> <span class='ocrx_word' id='word_1_148' title='bbox 943 2141 1064 2206; x_wconf 81' lang='lat' dir='ltr'><strong>quaeso</strong></span> <span class='ocrx_word' id='word_1_149' title='bbox 1088 2122 1208 2190; x_wconf 83' lang='lat' dir='ltr'><strong>dictum</strong></span> <span class='ocrx_word' id='word_1_150' title='bbox 1232 2129 1291 2204; x_wconf 74' lang='lat' dir='ltr'><strong>eol,</strong></span> 
     </span>
     <span class='ocr_line' id='line_1_19' title="bbox 66 2230 1294 2314; baseline 0.002 -20"><span class='ocrx_word' id='word_1_151' title='bbox 66 2230 224 2298; x_wconf 81' lang='lat' dir='ltr'><strong>Fauorino</strong></span> <span class='ocrx_word' id='word_1_152' title='bbox 247 2232 359 2298; x_wconf 87' lang='lat' dir='ltr'><strong>deberi</strong></span> <span class='ocrx_word' id='word_1_153' title='bbox 382 2231 533 2299; x_wconf 79' lang='lat' dir='ltr'><strong>invente?</strong></span> <span class='ocrx_word' id='word_1_154' title='bbox 579 2230 661 2296; x_wconf 89' lang='lat' dir='ltr'><strong>Nam</strong></span> <span class='ocrx_word' id='word_1_155' title='bbox 693 2231 779 2314; x_wconf 91' lang='lat' dir='ltr'><strong>quod</strong></span> <span class='ocrx_word' id='word_1_156' title='bbox 808 2232 927 2297; x_wconf 83' lang='lat' dir='ltr'><strong>citetur</strong></span> <span class='ocrx_word' id='word_1_157' title='bbox 949 2231 983 2296; x_wconf 92' lang='lat' dir='ltr'><strong>in</strong></span> <span class='ocrx_word' id='word_1_158' title='bbox 1006 2231 1113 2312; x_wconf 85' lang='lat' dir='ltr'><strong>initio,</strong></span> <span class='ocrx_word' id='word_1_159' title='bbox 1144 2231 1225 2296; x_wconf 91' lang='lat' dir='ltr'><strong>nihil</strong></span> <span class='ocrx_word' id='word_1_160' title='bbox 1252 2231 1294 2297; x_wconf 89' lang='lat' dir='ltr'><strong>ad</strong></span> 
     </span>
     <span class='ocr_line' id='line_1_20' title="bbox 66 2335 1294 2420; baseline 0.001 -18"><span class='ocrx_word' id='word_1_161' title='bbox 66 2335 193 2419; x_wconf 76' lang='lat' dir='ltr'><strong>rem⁵’).</strong></span> <span class='ocrx_word' id='word_1_162' title='bbox 235 2337 365 2404; x_wconf 83' lang='lat' dir='ltr'><strong>Cormit</strong></span> <span class='ocrx_word' id='word_1_163' title='bbox 387 2335 487 2419; x_wconf 83' lang='lat' dir='ltr'><strong>igitur</strong></span> <span class='ocrx_word' id='word_1_164' title='bbox 510 2355 606 2420; x_wconf 87' lang='lat' dir='ltr'><strong>quam</strong></span> <span class='ocrx_word' id='word_1_165' title='bbox 630 2355 669 2403; x_wconf 82' lang='lat' dir='ltr'><strong>ox</strong></span> <span class='ocrx_word' id='word_1_166' title='bbox 693 2337 835 2403; x_wconf 79' lang='lat' dir='ltr'><strong>limosis</strong></span> <span class='ocrx_word' id='word_1_167' title='bbox 858 2343 892 2402; x_wconf 89' lang='lat' dir='ltr'><strong>ct</strong></span> <span class='ocrx_word' id='word_1_168' title='bbox 915 2336 1111 2402; x_wconf 82' lang='lat' dir='ltr'><strong>Artemidori</strong></span> <span class='ocrx_word' id='word_1_169' title='bbox 1135 2337 1294 2403; x_wconf 90' lang='lat' dir='ltr'><strong>dialectici</strong></span> 
     </span>
     <span class='ocr_line' id='line_1_21' title="bbox 65 2441 1295 2527; baseline 0.001 -18"><span class='ocrx_word' id='word_1_170' title='bbox 65 2446 228 2510; x_wconf 88' lang='lat' dir='ltr'><strong>mentione</strong></span> <span class='ocrx_word' id='word_1_171' title='bbox 252 2445 293 2510; x_wconf 91' lang='lat' dir='ltr'><strong>de</strong></span> <span class='ocrx_word' id='word_1_172' title='bbox 316 2443 459 2510; x_wconf 88' lang='lat' dir='ltr'><strong>auctoris</strong></span> <span class='ocrx_word' id='word_1_173' title='bbox 482 2451 628 2527; x_wconf 89' lang='lat' dir='ltr'><strong>tempore</strong></span> <span class='ocrx_word' id='word_1_174' title='bbox 651 2443 728 2510; x_wconf 88' lang='lat' dir='ltr'><strong>lecit</strong></span> <span class='ocrx_word' id='word_1_175' title='bbox 752 2443 945 2524; x_wconf 85' lang='lat' dir='ltr'><strong>coniectura,</strong></span> <span class='ocrx_word' id='word_1_176' title='bbox 971 2443 1092 2509; x_wconf 86' lang='lat' dir='ltr'><strong>corruit</strong></span> <span class='ocrx_word' id='word_1_177' title='bbox 1111 2441 1295 2510; x_wconf 85' lang='lat' dir='ltr'><strong>Nietzschel</strong></span> 
     </span>
     <span class='ocr_line' id='line_1_22' title="bbox 66 2549 1294 2637; baseline 0.002 -22"><span class='ocrx_word' id='word_1_178' title='bbox 66 2551 180 2618; x_wconf 90' lang='lat' dir='ltr'><strong>horum</strong></span> <span class='ocrx_word' id='word_1_179' title='bbox 211 2552 381 2618; x_wconf 80' lang='lat' dir='ltr'><strong>verborum</strong></span> <span class='ocrx_word' id='word_1_180' title='bbox 416 2557 470 2614; x_wconf 78' lang='lat' dir='ltr'><strong>rol</strong></span> <span class='ocrx_word' id='word_1_181' title='bbox 503 2551 540 2615; x_wconf 82' lang='grc' dir='ltr'><strong>τὸ</strong></span> <span class='ocrx_word' id='word_1_182' title='bbox 576 2553 636 2616; x_wconf 77' lang='grc' dir='ltr'><strong>νῦν</strong></span> <span class='ocrx_word' id='word_1_183' title='bbox 670 2549 873 2627; x_wconf 82' lang='grc' dir='ltr'><strong><em>ἐπιπολάζον</em></strong></span> <span class='ocrx_word' id='word_1_184' title='bbox 906 2554 997 2630; x_wconf 76' lang='grc' dir='ltr'><strong><em>γένος</em></strong></span> <span class='ocrx_word' id='word_1_185' title='bbox 1029 2557 1097 2616; x_wconf 75' lang='grc' dir='ltr'><strong><em>τῶν</em></strong></span> <span class='ocrx_word' id='word_1_186' title='bbox 1129 2551 1294 2637; x_wconf 74' lang='grc' dir='ltr'><strong><em>ἐριστικῶν</em></strong></span> 
     </span>
     <span class='ocr_line' id='line_1_23' title="bbox 66 2655 1293 2744; baseline 0.003 -24"><span class='ocrx_word' id='word_1_187' title='bbox 66 2657 235 2744; x_wconf 74' lang='grc' dir='ltr'><strong><em>ἐγέννησεν</em></strong></span> <span class='ocrx_word' id='word_1_188' title='bbox 263 2658 500 2740; x_wconf 87' lang='lat' dir='ltr'><strong>interpretatio.</strong></span> <span class='ocrx_word' id='word_1_189' title='bbox 551 2657 683 2724; x_wconf 81' lang='lat' dir='ltr'><strong>Eristici</strong></span> <span class='ocrx_word' id='word_1_190' title='bbox 713 2657 797 2723; x_wconf 92' lang='lat' dir='ltr'><strong>enim</strong></span> <span class='ocrx_word' id='word_1_191' title='bbox 831 2675 895 2724; x_wconf 93' lang='lat' dir='ltr'><strong>non</strong></span> <span class='ocrx_word' id='word_1_192' title='bbox 924 2658 1027 2724; x_wconf 89' lang='lat' dir='ltr'><strong>solum</strong></span> <span class='ocrx_word' id='word_1_193' title='bbox 1057 2655 1293 2742; x_wconf 86' lang='lat' dir='ltr'><strong>philosophiam</strong></span> 
     </span>
     <span class='ocr_line' id='line_1_24' title="bbox 66 2764 1294 2847; baseline 0.001 -18"><span class='ocrx_word' id='word_1_194' title='bbox 66 2770 238 2846; x_wconf 85' lang='lat' dir='ltr'><strong>vexarunt,</strong></span> <span class='ocrx_word' id='word_1_195' title='bbox 263 2784 374 2831; x_wconf 82' lang='lat' dir='ltr'><strong>uerum</strong></span> <span class='ocrx_word' id='word_1_196' title='bbox 397 2765 440 2830; x_wconf 88' lang='lat' dir='ltr'><strong>ad</strong></span> <span class='ocrx_word' id='word_1_197' title='bbox 462 2764 609 2830; x_wconf 83' lang='lat' dir='ltr'><strong>rhetores</strong></span> <span class='ocrx_word' id='word_1_198' title='bbox 633 2769 667 2830; x_wconf 92' lang='lat' dir='ltr'><strong>et</strong></span> <span class='ocrx_word' id='word_1_199' title='bbox 690 2765 867 2847; x_wconf 79' lang='lat' dir='ltr'><strong>sophistas,</strong></span> <span class='ocrx_word' id='word_1_200' title='bbox 892 2765 1078 2830; x_wconf 78' lang='lat' dir='ltr'><strong>Hadrianou</strong></span> <span class='ocrx_word' id='word_1_201' title='bbox 1101 2767 1294 2847; x_wconf 86' lang='lat' dir='ltr'><strong>praesertim</strong></span> 
     </span>
     <span class='ocr_line' id='line_1_25' title="bbox 66 2871 1293 2954; baseline 0.001 -19"><span class='ocrx_word' id='word_1_202' title='bbox 66 2877 184 2952; x_wconf 82' lang='lat' dir='ltr'><strong>aetate,</strong></span> <span class='ocrx_word' id='word_1_203' title='bbox 209 2871 383 2953; x_wconf 82' lang='lat' dir='ltr'><strong>propagati</strong></span> <span class='ocrx_word' id='word_1_204' title='bbox 406 2877 490 2938; x_wconf 89' lang='lat' dir='ltr'><strong>suut.</strong></span> <span class='ocrx_word' id='word_1_205' title='bbox 532 2871 653 2954; x_wconf 84' lang='lat' dir='ltr'><strong>Sponte</strong></span> <span class='ocrx_word' id='word_1_206' title='bbox 669 2872 748 2937; x_wconf 89' lang='lat' dir='ltr'><strong>haec</strong></span> <span class='ocrx_word' id='word_1_207' title='bbox 764 2877 967 2952; x_wconf 76' lang='lat' dir='ltr'><strong>evanescunt,</strong></span> <span class='ocrx_word' id='word_1_208' title='bbox 993 2871 1147 2954; x_wconf 90' lang='lat' dir='ltr'><strong>quidquid</strong></span> <span class='ocrx_word' id='word_1_209' title='bbox 1162 2873 1293 2938; x_wconf 91' lang='lat' dir='ltr'><strong>molitur</strong></span> 
     </span>
     <span class='ocr_line' id='line_1_26' title="bbox 66 2977 1294 3064; baseline 0.002 -23"><span class='ocrx_word' id='word_1_210' title='bbox 66 2979 279 3044; x_wconf 76' lang='lat' dir='ltr'><strong>adversarius.</strong></span> <span class='ocrx_word' id='word_1_211' title='bbox 306 3015 345 3025; x_wconf 90' lang='lat'><em>-</em></span> <span class='ocrx_word' id='word_1_212' title='bbox 377 2977 571 3043; x_wconf 72' lang='lat' dir='ltr'><strong>comitemur</strong></span> <span class='ocrx_word' id='word_1_213' title='bbox 599 2983 876 3060; x_wconf 75' lang='lat' dir='ltr'><strong>argumentantem</strong></span> <span class='ocrx_word' id='word_1_214' title='bbox 906 2999 935 3061; x_wconf 89' lang='lat' dir='ltr'><strong>p.</strong></span> <span class='ocrx_word' id='word_1_215' title='bbox 955 2979 1016 3043; x_wconf 81' lang='lat'><strong>651</strong></span> <span class='ocrx_word' id='word_1_216' title='bbox 1050 2997 1117 3061; x_wconf 86' lang='lat' dir='ltr'><strong>sqq.</strong></span> <span class='ocrx_word' id='word_1_217' title='bbox 1174 2979 1294 3064; x_wconf 72' lang='lat' dir='ltr'><strong>‘Atqm</strong></span> 
     </span>
     <span class='ocr_line' id='line_1_27' title="bbox 64 3081 1294 3171; baseline 0.002 -24"><span class='ocrx_word' id='word_1_218' title='bbox 64 3083 163 3150; x_wconf 72' lang='lat' dir='ltr'><strong>etaiam</strong></span> <span class='ocrx_word' id='word_1_219' title='bbox 185 3105 229 3150; x_wconf 83' lang='lat' dir='ltr'><strong>ex</strong></span> <span class='ocrx_word' id='word_1_220' title='bbox 244 3081 384 3158; x_wconf 78' lang='lat' dir='ltr'><strong>rotrone,</strong></span> <span class='ocrx_word' id='word_1_221' title='bbox 409 3105 477 3170; x_wconf 85' lang='lat' dir='ltr'><strong>qua</strong></span> <span class='ocrx_word' id='word_1_222' title='bbox 499 3087 650 3171; x_wconf 74' lang='lat' dir='ltr'><strong>excerpta</strong></span> <span class='ocrx_word' id='word_1_223' title='bbox 668 3084 826 3151; x_wconf 75' lang='lat' dir='ltr'><strong>Gelleona</strong></span> <span class='ocrx_word' id='word_1_224' title='bbox 850 3083 939 3150; x_wconf 78' lang='grc' dir='ltr'><strong><em>τ’τιέττ</em></strong></span> <span class='ocrx_word' id='word_1_225' title='bbox 960 3105 995 3150; x_wconf 83' lang='lat' dir='ltr'><strong>se</strong></span> <span class='ocrx_word' id='word_1_226' title='bbox 1015 3083 1195 3171; x_wconf 65' lang='lat' dir='ltr'><strong>exceptant,</strong></span> <span class='ocrx_word' id='word_1_227' title='bbox 1219 3107 1294 3150; x_wconf 83' lang='lat' dir='ltr'><strong>con-</strong></span> 
     </span>
     <span class='ocr_line' id='line_1_28' title="bbox 66 3189 1294 3278; baseline 0.001 -25"><span class='ocrx_word' id='word_1_228' title='bbox 66 3190 241 3276; x_wconf 56' lang='lat' dir='ltr'><strong>tegendum</strong></span> <span class='ocrx_word' id='word_1_229' title='bbox 286 3195 350 3264; x_wconf 81' lang='lat' dir='ltr'><strong>cst,</strong></span> <span class='ocrx_word' id='word_1_230' title='bbox 397 3191 671 3277; x_wconf 79' lang='lat' dir='ltr'><strong>homonymorum</strong></span> <span class='ocrx_word' id='word_1_231' title='bbox 712 3190 856 3266; x_wconf 78' lang='lat' dir='ltr'><strong>zirdt&#39;ces,</strong></span> <span class='ocrx_word' id='word_1_232' title='bbox 898 3190 1078 3258; x_wconf 65' lang='lat' dir='ltr'><strong>Hetaerice</strong></span> <span class='ocrx_word' id='word_1_233' title='bbox 1124 3189 1294 3278; x_wconf 80' lang='grc' dir='ltr'><strong><em>ζητήματα,</em></strong></span> 
     </span>
     <span class='ocr_line' id='line_1_29' title="bbox 67 3295 1298 3384; baseline 0 -22"><span class='ocrx_word' id='word_1_234' title='bbox 67 3297 243 3364; x_wconf 62' lang='lat' dir='ltr'><strong>manum</strong></span> <span class='ocrx_word' id='word_1_235' title='bbox 266 3295 466 3362; x_wconf 72' lang='lat' dir='ltr'><strong>mutalzones</strong></span> <span class='ocrx_word' id='word_1_236' title='bbox 488 3319 558 3362; x_wconf 84' lang='grc' dir='ltr'><strong>πσπ</strong></span> <span class='ocrx_word' id='word_1_237' title='bbox 572 3297 693 3382; x_wconf 75' lang='lat' dir='ltr'><strong>suasos</strong></span> <span class='ocrx_word' id='word_1_238' title='bbox 714 3295 804 3362; x_wconf 77' lang='grc' dir='ltr'><strong><em>ι’πέεν</em></strong></span> <span class='ocrx_word' id='word_1_239' title='bbox 824 3319 858 3362; x_wconf 84' lang='lat' dir='ltr'><strong>sa</strong></span> <span class='ocrx_word' id='word_1_240' title='bbox 880 3297 989 3364; x_wconf 61' lang='lat' dir='ltr'><strong>meato</strong></span> <span class='ocrx_word' id='word_1_241' title='bbox 1011 3305 1044 3364; x_wconf 82' lang='lat' dir='ltr'><strong>et</strong></span> <span class='ocrx_word' id='word_1_242' title='bbox 1062 3298 1214 3384; x_wconf 80' lang='lat' dir='ltr'><strong>confuso,</strong></span> <span class='ocrx_word' id='word_1_243' title='bbox 1239 3299 1298 3362; x_wconf 83' lang='lat' dir='ltr'><strong>sed</strong></span> 
     </span>
     <span class='ocr_line' id='line_1_30' title="bbox 69 3403 1295 3491; baseline 0.003 -25"><span class='ocrx_word' id='word_1_244' title='bbox 69 3405 236 3491; x_wconf 78' lang='lat' dir='ltr'><strong>aequalem</strong></span> <span class='ocrx_word' id='word_1_245' title='bbox 259 3411 387 3490; x_wconf 81' lang='lat' dir='ltr'><strong>semper</strong></span> <span class='ocrx_word' id='word_1_246' title='bbox 408 3403 586 3470; x_wconf 70' lang='lat' dir='ltr'><strong>malonem</strong></span> <span class='ocrx_word' id='word_1_247' title='bbox 610 3427 679 3472; x_wconf 83' lang='lat' dir='ltr'><strong>uno</strong></span> <span class='ocrx_word' id='word_1_248' title='bbox 701 3403 767 3470; x_wconf 88' lang='lat' dir='ltr'><strong>loco</strong></span> <span class='ocrx_word' id='word_1_249' title='bbox 782 3405 980 3472; x_wconf 83' lang='lat' dir='ltr'><strong>conlocatam</strong></span> <span class='ocrx_word' id='word_1_250' title='bbox 991 3404 1120 3491; x_wconf 75' lang='lat' dir='ltr'><strong>facesse.</strong></span> <span class='ocrx_word' id='word_1_251' title='bbox 1159 3405 1295 3488; x_wconf 78' lang='lat' dir='ltr'><strong>Atquin</strong></span> 
     </span>
     <span class='ocr_line' id='line_1_31' title="bbox 13 3511 1295 3594; baseline 0.003 -19"><span class='ocrx_word' id='word_1_252' title='bbox 13 3549 18 3562; x_wconf 89' lang='lat'>·</span> <span class='ocrx_word' id='word_1_253' title='bbox 69 3511 229 3593; x_wconf 79' lang='lat' dir='ltr'><strong>disparem</strong></span> <span class='ocrx_word' id='word_1_254' title='bbox 245 3511 474 3594; x_wconf 73' lang='lat' dir='ltr'><strong>confusamque</strong></span> <span class='ocrx_word' id='word_1_255' title='bbox 489 3513 658 3578; x_wconf 86' lang='lat' dir='ltr'><strong>materiem</strong></span> <span class='ocrx_word' id='word_1_256' title='bbox 673 3513 744 3594; x_wconf 89' lang='lat' dir='ltr'><strong>ipsc</strong></span> <span class='ocrx_word' id='word_1_257' title='bbox 767 3513 968 3594; x_wconf 87' lang='lat' dir='ltr'><strong>disposuisse</strong></span> <span class='ocrx_word' id='word_1_258' title='bbox 982 3511 1106 3579; x_wconf 86' lang='lat' dir='ltr'><strong>Gellius</strong></span> <span class='ocrx_word' id='word_1_259' title='bbox 1118 3512 1295 3579; x_wconf 89' lang='lat' dir='ltr'><strong>censendus</strong></span> 
     </span>
     <span class='ocr_line' id='line_1_32' title="bbox 70 3619 1294 3701; baseline 0.003 -21"><span class='ocrx_word' id='word_1_260' title='bbox 70 3619 136 3682; x_wconf 85' lang='lat' dir='ltr'><strong>est?</strong></span> <span class='ocrx_word' id='word_1_261' title='bbox 175 3619 335 3684; x_wconf 88' lang='lat' dir='ltr'><strong>Neutrum</strong></span> <span class='ocrx_word' id='word_1_262' title='bbox 358 3637 416 3700; x_wconf 90' lang='lat' dir='ltr'><strong>per</strong></span> <span class='ocrx_word' id='word_1_263' title='bbox 440 3635 475 3683; x_wconf 91' lang='lat' dir='ltr'><strong>se</strong></span> <span class='ocrx_word' id='word_1_264' title='bbox 499 3620 627 3686; x_wconf 88' lang='lat' dir='ltr'><strong>certius.</strong></span> <span class='ocrx_word' id='word_1_265' title='bbox 657 3659 693 3668; x_wconf 88' lang='lat'><em>-</em></span> <span class='ocrx_word' id='word_1_266' title='bbox 718 3619 787 3684; x_wconf 87' lang='lat' dir='ltr'><strong>lom</strong></span> <span class='ocrx_word' id='word_1_267' title='bbox 811 3625 964 3701; x_wconf 87' lang='lat' dir='ltr'><strong>quattuor</strong></span> <span class='ocrx_word' id='word_1_268' title='bbox 987 3625 1099 3701; x_wconf 81' lang='lat' dir='ltr'><strong>portes</strong></span> <span class='ocrx_word' id='word_1_269' title='bbox 1116 3619 1294 3699; x_wconf 81' lang='lat' dir='ltr'><strong>constitnit,</strong></span> 
     </span>
     <span class='ocr_line' id='line_1_33' title="bbox 70 3722 1296 3812; baseline 0.004 -27"><span class='ocrx_word' id='word_1_270' title='bbox 70 3725 139 3808; x_wconf 74' lang='grc' dir='ltr'><strong><em>περὶ</em></strong></span> <span class='ocrx_word' id='word_1_271' title='bbox 162 3722 364 3810; x_wconf 77' lang='grc' dir='ltr'><strong><em>εὑρημάτων·</em></strong></span> <span class='ocrx_word' id='word_1_272' title='bbox 388 3729 462 3811; x_wconf 79' lang='grc' dir='ltr'><strong><em>περὶ</em></strong></span> <span class='ocrx_word' id='word_1_273' title='bbox 484 3723 680 3808; x_wconf 83' lang='grc' dir='ltr'><strong><em>ὁμωνύμων·</em></strong></span> <span class='ocrx_word' id='word_1_274' title='bbox 699 3723 860 3811; x_wconf 84' lang='grc' dir='ltr'><strong><em>Ὅμηρικά</em></strong></span> <span class='ocrx_word' id='word_1_275' title='bbox 889 3723 1063 3812; x_wconf 73' lang='grc' dir='ltr'><strong><em>ζήτηματοι·</em></strong></span> <span class='ocrx_word' id='word_1_276' title='bbox 1087 3723 1296 3811; x_wconf 81' lang='grc' dir='ltr'><strong><em>γεωγραφοά-</em></strong></span> 
     </span>
     <span class='ocr_line' id='line_1_34' title="bbox 69 3829 1294 3916; baseline 0.003 -24"><span class='ocrx_word' id='word_1_277' title='bbox 69 3851 159 3910; x_wconf 80' lang='grc' dir='ltr'><strong><em>μετα.</em></strong></span> <span class='ocrx_word' id='word_1_278' title='bbox 198 3831 340 3910; x_wconf 84' lang='lat' dir='ltr'><strong>Quorum</strong></span> <span class='ocrx_word' id='word_1_279' title='bbox 364 3831 535 3914; x_wconf 88' lang='lat' dir='ltr'><strong>uuicuique</strong></span> <span class='ocrx_word' id='word_1_280' title='bbox 558 3850 614 3897; x_wconf 90' lang='lat' dir='ltr'><strong>sex</strong></span> <span class='ocrx_word' id='word_1_281' title='bbox 636 3833 751 3898; x_wconf 88' lang='lat' dir='ltr'><strong>tribuit</strong></span> <span class='ocrx_word' id='word_1_282' title='bbox 775 3831 876 3898; x_wconf 89' lang='lat' dir='ltr'><strong>libros</strong></span> <span class='ocrx_word' id='word_1_283' title='bbox 901 3833 1038 3916; x_wconf 87' lang='lat' dir='ltr'><strong>Sopatro</strong></span> <span class='ocrx_word' id='word_1_284' title='bbox 1061 3832 1164 3900; x_wconf 83' lang='lat' dir='ltr'><strong>fretus</strong></span> <span class='ocrx_word' id='word_1_285' title='bbox 1187 3829 1294 3915; x_wconf 86' lang='lat' dir='ltr'><strong>[Phot.</strong></span> 
     </span>
    </p>
   </div>
   <div class='ocr_carea' id='block_1_4' title="bbox 70 3987 1296 4312">
    <p class='ocr_par' dir='ltr' id='par_1_6' title="bbox 70 3987 1296 4312">
     <span class='ocr_line' id='line_1_35' title="bbox 138 3987 1296 4062; baseline -0.002 -20"><span class='ocrx_word' id='word_1_286' title='bbox 138 3987 176 4058; x_wconf 62' lang='grc' dir='ltr'><strong>5ἵ)</strong></span> <span class='ocrx_word' id='word_1_287' title='bbox 197 3987 276 4043; x_wconf 82' lang='lat' dir='ltr'><strong>Serio</strong></span> <span class='ocrx_word' id='word_1_288' title='bbox 299 3987 353 4042; x_wconf 92' lang='lat' dir='ltr'><strong>hcc</strong></span> <span class='ocrx_word' id='word_1_289' title='bbox 374 3987 568 4044; x_wconf 84' lang='lat' dir='ltr'><strong>Nietzscheum</strong></span> <span class='ocrx_word' id='word_1_290' title='bbox 592 3989 749 4062; x_wconf 84' lang='lat' dir='ltr'><strong>credidisse,</strong></span> <span class='ocrx_word' id='word_1_291' title='bbox 776 3987 951 4058; x_wconf 61' lang='lat' dir='ltr'><strong>incredibile</strong></span> <span class='ocrx_word' id='word_1_292' title='bbox 975 3997 1005 4044; x_wconf 85' lang='lat' dir='ltr'><strong>et</strong></span> <span class='ocrx_word' id='word_1_293' title='bbox 1026 3989 1143 4045; x_wconf 87' lang='lat' dir='ltr'><strong>credidit</strong></span> <span class='ocrx_word' id='word_1_294' title='bbox 1162 3989 1209 4062; x_wconf 84' lang='lat' dir='ltr'><strong>[cl.</strong></span> <span class='ocrx_word' id='word_1_295' title='bbox 1228 4004 1296 4044; x_wconf 89' lang='lat' dir='ltr'><strong>mus.</strong></span> 
     </span>
     <span class='ocr_line' id='line_1_36' title="bbox 72 4073 1296 4149; baseline 0.003 -21"><span class='ocrx_word' id='word_1_296' title='bbox 72 4073 145 4130; x_wconf 86' lang='lat' dir='ltr'><strong>rhen.</strong></span> <span class='ocrx_word' id='word_1_297' title='bbox 170 4075 263 4132; x_wconf 85' lang='lat' dir='ltr'><strong>XXIV</strong></span> <span class='ocrx_word' id='word_1_298' title='bbox 286 4093 313 4146; x_wconf 88' lang='lat' dir='ltr'><strong>p.</strong></span> <span class='ocrx_word' id='word_1_299' title='bbox 339 4077 410 4149; x_wconf 75' lang='grc' dir='ltr'><strong>18η.</strong></span> <span class='ocrx_word' id='word_1_300' title='bbox 456 4077 515 4147; x_wconf 76' lang='lat' dir='ltr'><strong>Ego</strong></span> <span class='ocrx_word' id='word_1_301' title='bbox 542 4093 585 4134; x_wconf 87' lang='lat' dir='ltr'><strong>me</strong></span> <span class='ocrx_word' id='word_1_302' title='bbox 612 4079 685 4134; x_wconf 86' lang='lat' dir='ltr'><strong>inter</strong></span> <span class='ocrx_word' id='word_1_303' title='bbox 712 4095 759 4134; x_wconf 88' lang='lat' dir='ltr'><strong>eos</strong></span> <span class='ocrx_word' id='word_1_304' title='bbox 786 4079 877 4134; x_wconf 83' lang='lat' dir='ltr'><strong>refero</strong></span> <span class='ocrx_word' id='word_1_305' title='bbox 906 4077 1028 4147; x_wconf 79' lang='lat' dir='ltr'><strong>quitali</strong></span> <span class='ocrx_word' id='word_1_306' title='bbox 1055 4078 1160 4134; x_wconf 86' lang='lat' dir='ltr'><strong>citandi</strong></span> <span class='ocrx_word' id='word_1_307' title='bbox 1188 4077 1296 4134; x_wconf 85' lang='lat' dir='ltr'><strong>ratione</strong></span> 
     </span>
     <span class='ocr_line' id='line_1_37' title="bbox 70 4166 912 4236; baseline 0.005 -19"><span class='ocrx_word' id='word_1_308' title='bbox 70 4167 225 4221; x_wconf 84' lang='lat' dir='ltr'><strong>nesciunt</strong></span> <span class='ocrx_word' id='word_1_309' title='bbox 244 4166 391 4236; x_wconf 84' lang='lat' dir='ltr'><strong>quicquum</strong></span> <span class='ocrx_word' id='word_1_310' title='bbox 410 4167 573 4223; x_wconf 87' lang='lat' dir='ltr'><strong>concludere</strong></span> <span class='ocrx_word' id='word_1_311' title='bbox 592 4185 609 4224; x_wconf 81' lang='lat' dir='ltr'><strong>a</strong></span> <span class='ocrx_word' id='word_1_312' title='bbox 626 4168 791 4225; x_wconf 81' lang='lat' dir='ltr'><strong>Nietzscheo</strong></span> <span class='ocrx_word' id='word_1_313' title='bbox 808 4169 912 4223; x_wconf 87' lang='lat' dir='ltr'><strong>irrisos.</strong></span> 
     </span>
     <span class='ocr_line' id='line_1_38' title="bbox 1097 4257 1132 4312; baseline 0 -21"><span class='ocrx_word' id='word_1_314' title='bbox 1097 4257 1132 4312; x_wconf 69' lang='lat'><strong>4*</strong></span> 
     </span>
    </p>
   </div>
   <div class='ocr_carea' id='block_1_5' title="bbox 0 0 1516 4866">
    <p class='ocr_par' dir='ltr' id='par_1_7' title="bbox 0 0 1516 4866">
     <span class='ocr_line' id='line_1_39' title="bbox 0 0 1516 4866; baseline 0 0"><span class='ocrx_word' id='word_1_315' title='bbox 0 0 1516 4866; x_wconf 95' lang='lat' dir='ltr'><strong> </strong></span> 
     </span>
    </p>
   </div>
  </div>
 </body>
</html>
