3010 4866
1149 177 1288 269 'ar

149 377 402 460 Chrysipporum
425 377 486 444 vll
506 379 568 442 186
591 377 692 452 ἄλλος
716 377 907 462 Χρύσιππος
931 380 1060 456 Κνίδιος
1083 382 1190 467 ἰατρὸς
1213 383 1289 470 παρ’

65 481 99 550 οὗ
122 505 221 572 φησιν
236 485 485 572 Ἐρασίστρατος
507 487 554 562 cla
575 482 617 552 τὰ
641 483 784 569 μάλιστα
807 483 1016 574 ὠφελῆσθαι·

148 593 202 658 rai
237 597 344 677 ἔτερος
377 591 448 668 υἷος
480 590 595 659 τούτου
630 590 740 677 ἰατρὸς
770 594 994 680 Πτολεμαίου,
1030 592 1065 671 ὅς
1100 595 1292 682 διαβληθεὶς

65 699 223 786 περιήχθη
257 705 313 764 καὶ
343 699 598 785 μαστιγούμενος
630 699 815 786 ductanda·
847 701 947 777 ἄλλος
981 701 1132 790 μαθητής
1163 699 1291 791 'Epaon-

66 807 206 892 στράτου.

147 916 237 982 Haec
266 913 437 980 sufficiunt.
490 914 623 997 Semper
652 921 686 981 ct
713 914 766 980 hic
796 914 888 982 deest
917 917 1108 998 scriptorum
1136 921 1291 986 memoria

65 1043 162 1108 neque
191 1025 321 1090 aliunde
344 1023 494 1089 innotuit.
543 1023 694 1102 Quamvis
721 1041 780 1106 per
809 1041 844 1088 se
867 1024 996 1106 quidem
1024 1024 1077 1090 hic
1105 1025 1159 1092 illc
1187 1027 1291 1110 possit

65 1133 243 1214 scripsisse:
262 1137 297 1196 ot
312 1149 371 1196 nec
387 1131 508 1196 dictum
524 1135 574 1196 est
589 1131 629 1196 da
645 1131 711 1196 ullo
728 1135 761 1196 et
777 1131 817 1196 de
833 1129 984 1197 Stratone
998 1132 1122 1198 medico
1141 1139 1290 1216 eo‘quem

65 1239 111 1302 vol
126 1238 321 1304 Aristoteles
344 1233 482 1324 ἀρχαῖον
505 1238 649 1320 adpellot
664 1242 779 1320 sponte
795 1237 1010 1320 redarguitur.
1052 1239 1173 1318 Quodsi
1189 1240 1290 1308 nihilo

66 1346 164 1412 secius
180 1344 430 1412 Scheuerleerue
446 1362 556 1410 omnes
575 1344 649 1410 illos
672 1363 732 1427 pro
756 1350 844 1410 certo
868 1346 1035 1427 sumpsit
1057 1347 1157 1412 libros
1182 1348 1289 1414 nescio

66 1472 140 1533 quos
163 1452 391 1534 composuisse,
417 1469 456 1516 ex
478 1469 578 1534 pravo
602 1450 678 1516 lecit
693 1451 810 1517 iudicio
828 1457 861 1516 et
875 1458 1112 1534 praeoccupata
1128 1455 1289 1536 opinione.

67 1558 157 1624 Cuius
180 1577 324 1624 errorem
347 1557 440 1624 nobis
462 1577 527 1624 non
550 1559 614 1623 iam
637 1558 714 1624 licet
741 1575 937 1640 propagare,
968 1559 1086 1640 quippe
1117 1561 1172 1642 qui
1202 1567 1310 1627 certa·

67 1666 308 1732 ratiocinatione
332 1665 437 1730 edocti
460 1666 559 1730 simus
582 1669 661 1748 quot
683 1664 784 1730 insint
807 1665 840 1730 in
861 1665 1027 1748 catalogis,
1053 1685 1133 1749 qnos
1150 1667 1290 1734 edidisse

68 1773 183 1856 scripta
206 1779 265 1839 aut
288 1774 433 1855 ignotum
456 1773 500 1838 sit
523 1777 580 1837 aut
602 1772 671 1838 veri
694 1771 850 1836 dissimile
873 1773 992 1854 partim
1020 1778 1133 1856 aperte
1163 1773 1288 1840 falsum.

149 1883 179 1946 2.
217 1879 296 1946 (ium
320 1880 353 1944 iu
377 1879 614 1944 Demetriorum
639 1883 811 1960 conspectu
834 1897 898 1944 non
922 1879 1045 1944 uisatur
1062 1879 1196 1962 Magnes
1219 1881 1289 1962 ipsc

67 1987 133 2069 περὶ
160 1983 342 2070 ὁμωνύμων
371 1987 522 2068 scriptor,
558 1991 592 2050 ot
621 1984 869 2052 Schcuerleerus
900 1991 934 2050 ot
956 1985 1166 2052 Nietzscheus
1195 1985 1287 2071 [mus.

68 2093 150 2159 rlren.
175 2093 282 2158 XXIV
313 2093 428 2176 (1869)
456 2112 487 2175 p.
514 2095 563 2156 11.
589 2111 619 2174 p.
646 2091 722 2176 181]
759 2091 896 2156 stabiliri
932 2110 1022 2156 suam
1057 2092 1096 2158 de
1131 2093 1289 2158 indicibus

68 2199 243 2266 anrtinnis
274 2199 492 2282 opinationem
522 2199 711 2281 gloriantur.
763 2199 846 2284 ‘Ipso
875 2197 965 2264 τοτ’τιι
989 2199 1186 2266 Βαπτίνιιιε
1214 2201 1289 2265 lau·

67 2305 142 2370 dare
163 2328 198 2371 se
220 2329 290 2374 παπ
309 2305 431 2394 potuit
456 2308 517 2372 λοι
541 2305 613 2392 ipsa
635 2304 781 2372 αὐοτπλτα
805 2303 894 2371 anter
908 2304 1023 2372 ceteris
1039 2307 1289 2394 praefulgens&

68 2411 190 2478 Scilicet
219 2415 334 2480 codem
362 2415 431 2479 iure
454 2413 574 2478 dixeris
603 2413 725 2478 indices
749 2411 910 2478 conlectos
939 2432 1010 2479 esse
1039 2433 1058 2479 a
1081 2414 1208 2497 Lycone
1233 2413 1290 2480 So-

68 2521 160 2586 cratis
184 2526 372 2587 accusatore
396 2526 453 2586 ant
476 2519 668 2586 Antisthene
691 2520 870 2602 biographo
895 2526 951 2586 aut
973 2521 1139 2587 Demetrio
1163 2521 1290 2587 Lacone

68 2629 222 2708 epicureo,
247 2629 301 2711 qui
326 2628 370 2694 ibi
392 2628 503 2694 eadem
528 2627 685 2693 ‘absentia
707 2625 937 2711 praefulgent’.
980 2627 1041 2712 [cf.
1071 2628 1288 2696 Schcuerleer.

67 2753 94 2814 p.
112 2737 163 2800 61.
189 2736 256 2820 92].

149 2845 179 2908 3.
206 2843 357 2925 Speciosa
373 2861 404 2924 p.
421 2844 458 2905 11
479 2846 724 2924 argumentatur
741 2840 997 2923 Scheuerleerua
1023 2862 1094 2908 cum
1111 2845 1150 2908 de
1167 2844 1290 2910 duobus

68 2949 219 3015 iudicibus
255 2949 412 3015 Demetrii
447 2949 674 3014 auctoritatem
706 2947 855 3014 Laertius
891 2954 1089 3031 antestetur‚
1125 2951 1290 3018 Demetrio

68 3075 170 3122 omnes
193 3076 266 3122 esso
290 3056 480 3122 reddendos.
527 3055 700 3121 Videamus
724 3055 796 3136 ipsi.

151 3164 167 3229 I
191 3166 211 3229 9
234 3169 346 3247 γέγονε
370 3162 406 3227 δὲ
428 3168 483 3226 καλ
506 3166 608 3250 ἔτερος
623 3163 785 3238 Πιττακὸς
808 3166 997 3250 νομοθέτης,
1020 3160 1067 3240 ὥς
1090 3179 1186 3250 φησι
1210 3166 1293 3228 Φα-

68 3273 226 3356 βωρῖνος
248 3271 290 3336 ἐν
313 3263 735 3358 ἀπομνημονευμάτων
757 3268 895 3360 πρώτῳ
917 3272 984 3336 καὶ
1009 3273 1228 3360 Δημήτριος
1250 3272 1291 3339 ἐν

69 3375 298 3464 ὁμωνύμοις·
333 3375 370 3454 ὃς
398 3379 453 3442 καὶ
478 3376 587 3466 μικρὸς
621 3378 877 3468 προσηγορεύθη.
929 3379 1059 3446 Patenit
1087 3381 1203 3464 peritis
1231 3399 1291 3446 neo

70 3481 143 3567 iugit
169 3487 394 3554 Nietzscheum
425 3486 518 3571 [mus.
542 3487 632 3554 rhen.
657 3488 763 3554 XXIV
792 3487 907 3572 (1869)
930 3508 961 3571 p.
982 3490 1043 3554 127
1076 3488 1137 3574 sq.]
1168 3508 1224 3553 cur
1251 3507 1290 3552 ex

70 3589 211 3660 Favorini
223 3596 573 3678 apomnemoneumatis
585 3595 641 3660 ille
655 3597 820 3677 catalogus
832 3597 1019 3677 provenisse
1033 3596 1223 3662 statuendus
1237 3597 1290 3662 sit.

150 3703 166 3768 Ι
189 3703 231 3768 38
247 3691 408 3781 ’γεγόνασι
432 3702 469 3767 δὲ
491 3702 545 3766 καλ
562 3702 658 3768 ἄλλοι
674 3703 795 3787 Θαλαῖ,
819 3700 931 3767 καθά
954 3719 1048 3789 φησι
1073 3701 1291 3791 Δημήτριος

72 3805 277 3897 ὁΜοὶγνρς
299 3809 342 3875 ἐν
363 3818 449 3885 τοϊς
470 3805 709 3895 ὁμωνύμους,
734 3813 844 3876 πέντε·

150 3915 250 4006 ῥήτωρ
279 3916 507 3994 Καλλατιανὸς
528 3915 714 4006 κακόζηλος·

152 4025 317 4114 ζωγράφος
339 4022 511 4103 Σικυώνιος
534 4025 757 4112 μεγαλοφυής·

151 4137 249 4219 τρίτος
265 4128 397 4217 ἀρχαῖος
412 4131 501 4200 πάνυ
517 4131 600 4198 κατὰ
620 4130 775 4200 Ἡσίοδον
790 4130 1000 4220 ιιαῐὈμρρον
1014 4131 1069 4197 καλ
1084 4133 1290 4217 Λυκοῦργον·
