3016 4858
1217 233 1278 296 157

142 407 192 474 Tu
219 412 390 491 praeterea
417 407 573 492 Leucippi
604 413 638 475 ct
659 407 817 474 Heracliti
845 409 965 492 placita
995 408 1148 492 specialia
1175 409 1279 476 Diocli

49 515 240 596 vindicasti;
274 515 361 582 haud
390 516 509 598 inepte,
540 533 733 600 quamquam
762 533 865 598 neque
899 521 936 582 tu
964 515 1185 584 demonstrare
1219 516 1280 582 hoc

48 629 146 704 potes
176 641 282 707 neque
312 642 373 706 ego
401 621 553 690 refutare.
602 641 699 690 causa
730 623 799 689 sola
827 623 913 706 quod
936 623 1137 690 Antisthenis
1160 623 1281 706 placita

52 729 162 796 altera
187 735 222 795 et
243 729 349 812 logica
370 727 550 797 Stoicomm
565 730 687 797 Dioclis
710 735 794 796 sunt.
842 731 905 796 iam
928 749 1005 797 vero
1029 731 1057 796 si
1078 731 1280 798 concedimus

50 837 227 903 discrimen
251 837 437 919 specialium
461 838 722 921 generaliumquc
745 838 938 921 placitorum
961 857 981 903 a
1003 838 1148 921 Diogene
1171 840 1280 906 inven-

49 949 118 1010 tum
144 961 219 1011 csse
247 949 284 1010 ut
312 943 389 1010 bina
417 951 570 1028 excerpta
599 951 772 1028 utcumque
795 946 1048 1028 conglutinaret,
1085 945 1160 1011 inde
1194 946 1280 1029 quod

49 1051 100 1117 bis
117 1051 234 1117 Diocle
250 1052 283 1116 in
300 1051 359 1116 tali
376 1069 473 1118 causa
490 1071 568 1119 usus
584 1053 637 1134 sit,
655 1051 735 1118 nihil
753 1053 914 1136 sequitur:
939 1071 1013 1118 nam
1025 1053 1058 1118 in
1072 1052 1188 1120 Stoicis
1200 1053 1280 1118 nihil

50 1159 113 1224 nisi
137 1159 247 1240 logica
270 1163 345 1224 sunt
366 1159 513 1240 Dioclem,
543 1160 576 1225 in
599 1159 784 1242 Pythagora
806 1177 882 1226 vero
906 1160 925 1244 5
948 1161 1079 1225 25-35
1108 1161 1281 1242 diligenter

53 1272 86 1331 ct
108 1265 273 1349 principio
301 1271 334 1332 et
361 1265 425 1332 fine
455 1270 567 1332 notato
596 1283 636 1332 ex
658 1265 841 1332 Alexandro
864 1265 1067 1350 Polyhistorc
1098 1267 1278 1350 descripsit.

51 1391 129 1455 ergo
154 1391 221 1438 non
244 1378 310 1438 tam
334 1391 451 1456 parcae
474 1363 514 1440 ci'
529 1371 745 1455 suppetebant
761 1391 838 1456 opes
854 1373 1121 1457 donographicac.
1157 1374 1214 1440 scd
1238 1375 1281 1440 sit

51 1479 111 1545 hoc
135 1479 336 1562 ambiguum:
361 1499 433 1547 cam
457 1480 670 1563 suspicionem
694 1499 790 1562 quam
814 1480 854 1546 de
870 1480 1047 1546 Potamonc
1063 1479 1279 1546 Alexandrino

52 1587 194 1670 Augusti
229 1587 356 1670 aequali
384 1605 402 1652 e
432 1587 544 1654 Diocle
572 1587 747 1669 repetendo
778 1586 943 1670 protulisti
970 1606 1001 1670 p.
1028 1589 1070 1653 20
1101 1593 1189 1654 stare
1216 1606 1280 1653 non

53 1711 151 1775 posse
176 1694 457 1776 persuasissimum
480 1693 593 1762 habeo.
642 1699 718 1760 sunt
740 1711 818 1760 sane
841 1693 963 1776 scripta
985 1693 1066 1760 hacc
1088 1694 1129 1760 ab
1152 1694 1280 1760 homine

55 1801 195 1884 Augusti
218 1801 356 1884 aequali,
380 1806 533 1884 poterant
556 1801 653 1868 scribi
677 1819 696 1866 a
718 1800 840 1868 Diocle.
889 1801 946 1866 sed
974 1800 1029 1867 ubi
1056 1801 1107 1868 vel
1130 1801 1281 1868 tenuissi-

54 1927 139 1974 mum
164 1909 337 1991 vestigium
353 1908 475 1975 Dioclis
491 1928 550 1992 per
565 1913 669 1974 totum
686 1909 885 1990 prooemium
908 1909 1054 1975 Laertii?
1088 1909 1185 1974 immo
1208 1925 1281 1992 pre·

56 2016 174 2082 tiosum
202 2015 264 2082 hoc
286 2021 432 2082 tenemus
461 2016 616 2099 temporis
643 2015 795 2082 indicium
818 2035 881 2099 quo
911 2017 1082 2100 aliquando
1112 2017 1140 2082 is
1168 2019 1281 2080 auctor

57 2129 190 2189 eruetur
220 2141 315 2206 quem
348 2123 382 2188 in
414 2123 581 2206 principiis
614 2122 839 2205 philosophiae
874 2127 908 2188 et
935 2124 968 2188 in
991 2123 1053 2192 VII
1080 2121 1281 2205 sapientibus

57 2229 148 2310 (hacc
173 2232 258 2296 enim
282 2231 468 2316 cohaerent)
493 2250 563 2297 cunr
578 2231 740 2314 Diogenes
764 2237 831 2298 tum
848 2231 994 2298 Clemens
1018 2231 1278 2314 compilaverunt.

55 2337 131 2403 mihi
161 2357 245 2421 quae
269 2338 308 2404 dc
331 2339 443 2405 Diocle
466 2339 583 2406 scimus
607 2336 753 2406 sufficere
777 2339 926 2405 videntur
948 2345 985 2404 ut
1000 2337 1094 2404 huius
1116 2339 1177 2405 viri
1201 2339 1280 2403 ima·

56 2445 161 2527 gincm
191 2446 289 2512 certis
313 2445 427 2512 saltem
455 2445 658 2512 lineamentis
687 2443 910 2512 deformemus.
958 2465 997 2512 cx
1020 2445 1176 2529 Meleagri
1206 2463 1280 2512 con-

56 2553 226 2620 suetudine
249 2553 451 2636 Asianacque
473 2553 560 2620 vitae
584 2572 654 2620 cum
676 2553 816 2620 miseriis
839 2559 908 2619 tum
932 2553 1146 2636 corruptione,
1174 2551 1279 2635 qualis

56 2656 116 2724 init
138 2660 215 2725 inde
237 2679 257 2725 a
280 2660 373 2728 hellis
396 2659 626 2727 Mithridaticis
642 2679 743 2745 usque
759 2661 801 2726 ad
816 2660 954 2742 Augusti
971 2660 1153 2744 Tiberiique
1172 2658 1287 2736 fausta,

55 2764 201 2848 imperia,
233 2768 374 2834 studium
402 2767 718 2851 quidem,c0utranit
746 2767 927 2851 cynicorum
958 2771 993 2832 et
1020 2767 1161 2850 Epicuri,
1196 2783 1279 2849 quac

57 2874 201 2954 quamvis
229 2874 387 2942 distantia
414 2875 535 2958 placita
563 2877 725 2942 sacculum
753 2875 833 2941 illud
857 2873 1034 2942 confusioni
1061 2875 1279 2940 doctrinarum

57 2979 200 3048 deditum
216 2981 303 3048 haud
319 2981 440 3049 insulse
452 2983 533 3050 vidit
549 2982 589 3050 ab
603 3001 641 3050 eo
654 2983 852 3050 concinnata.
888 2999 962 3048 nam
974 2981 1140 3048 mollitiem
1153 2997 1279 3047 amores

58 3090 180 3168 gratias
207 3088 365 3172 Meleagri
391 3090 520 3157 Diocles
550 3090 696 3173 proiecit.
749 3091 859 3173 itaque
887 3090 920 3154 in
950 3090 1018 3156 vita
1052 3089 1094 3154 ad
1127 3087 1279 3154 amussim

59 3195 245 3262 sobrietatis
268 3201 303 3262 et
326 3197 533 3264 castimoniae
557 3198 663 3279 ducta,
688 3199 745 3263 sed
769 3215 788 3262 a
811 3197 926 3263 tetrico
943 3195 1137 3278 minimeque
1154 3195 1278 3261 Gracco

59 3301 164 3384 rigore
187 3303 294 3369 aliena
317 3323 474 3371 summum
500 3305 618 3372 bonurn
645 3305 763 3387 posuit.
810 3304 933 3370 invenit
961 3303 1095 3370 eandem
1119 3303 1204 3369 vitae
1227 3319 1279 3365 ra-

60 3409 177 3476 tionem
200 3411 234 3477 in
256 3411 397 3494 Epicuro
421 3411 509 3476 etin
534 3411 713 3478 Stoicorum
737 3411 784 3476 eis
813 3411 877 3494 qui,
902 3411 990 3478 uelut
1013 3409 1121 3477 Aristo
1146 3415 1180 3476 ct
1202 3409 1279 3474 Dio·

61 3518 176 3600 nysius,
206 3523 321 3602 utpote
344 3518 460 3586 Gracci
486 3538 551 3586 non
574 3517 750 3586 Phoenices
779 3536 799 3584 a
821 3518 910 3586 tristi
932 3519 1094 3586 Zenonum
1122 3521 1157 3582 ct
1181 3515 1279 3598 Chry·

62 3651 270 3664 *—

63 3727 112 3784 dir.
152 3731 225 3786 hund
249 3730 352 3786 insulse
374 3745 424 3786 nos
448 3746 510 3786 eum
530 3731 685 3788 diceremus
709 3745 802 3787 canem
827 3729 938 3800 quidem
960 3730 1014 3786 ianr
1032 3743 1183 3798 superasse,
1202 3727 1278 3784 canis

64 3819 171 3875 caudam
189 3819 318 3876 noudum.
349 3819 484 3876 Graecum
502 3820 593 3890 paullo
612 3819 698 3876 distat
715 3819 905 3890 proverbium3
929 3820 977 3889 qui
995 3819 1029 3877 dc
1048 3817 1158 3874 homine
1177 3833 1212 3873 cx
1229 3833 1278 3887 pc·

64 3907 153 3963 riculis
178 3909 298 3964 liberato
325 3908 422 3964 dicunt
448 3913 476 3964 br
503 3910 582 3971 κυνὸς
607 3907 733 3981 πρωκτοῦ
759 3909 880 3976 σωθῆναι
903 3905 1224 3980 (Haupt'op.111272):
1249 3907 1278 3962 in

66 3993 119 4063 ipso
136 3997 293 4052 discrimine
311 3996 517 4067 Rempuhlicam
540 3999 650 4068 scripsit
668 3999 752 4054 Zeno.
789 3999 903 4068 videbis,
927 3999 965 4053 mi
983 3996 1094 4066 Musaei,
1116 4012 1179 4052 mox
1197 3997 1277 4052 Pom·

66 4084 119 4151 peis
135 4085 165 4140 in
182 4085 284 4141 larario
302 4085 432 4143 tabernae
449 4087 590 4146 anismam
602 4088 738 4146 hominem
756 4089 786 4144 in
804 4087 864 4157 ipso
876 4087 930 4144 hoc
946 4085 1103 4144 discrimine
1123 4091 1278 4142 versantem

65 4168 210 4230 luculenter
228 4173 376 4244 depictum.
