3016 4858
216 221 281 286 144

214 397 272 464 illo
298 397 383 464 libro
409 397 602 464 Favorinum
634 399 741 480 egime
772 401 922 462 matum
973 397 1135 480 equibus
1160 403 1286 463 restant
1316 399 1435 463 Anaxi-

214 505 340 570 mandri
373 525 513 587 gnomon
548 505 729 586 Spartanus
754 503 802 586 (ll
828 507 864 588 2)
898 509 932 570 et
959 505 1167 586 Amogorao
1193 503 1435 587 Metrodorique

214 613 323 678 studia
360 611 534 678 Homerica
566 612 613 694 (Π
635 614 708 692 26),
747 611 935 695 quibuscum
973 611 1068 676 facile
1107 613 1311 694 coniungitur
1349 612 1436 696 quod

214 719 262 786 lx
284 721 328 785 34
350 727 417 800 est,
445 719 478 786 ll
500 722 545 784 24
571 719 787 802 significatur,
819 720 1037 785 Democritum
1066 725 1201 802 propter
1226 721 1435 800 simultatem,

216 845 313 908 quam
340 845 412 892 cum
435 827 629 909 naxagora
662 833 845 906 amoma,
878 845 1015 909 negame
1042 845 1099 892 eas
1124 827 1165 892 (le
1194 827 1262 892 sole
1295 831 1330 892 et
1360 827 1437 892 luna

215 934 404 1012 sententias
428 951 512 1016 quae
534 933 632 1015 vulgo
654 940 819 1016 tamquam
833 933 929 999 huius
951 935 1082 999 inventa
1095 932 1265 1014 terrentis,
1289 933 1331 1000 ab
1351 935 1437 999 Ana·

217 1059 339 1122 ragora
372 1041 478 1122 primo
511 1041 658 1124 prolatas
690 1060 774 1106 osse.
820 1041 878 1106 sed
905 1042 934 1106 si
967 1041 1163 1122 pertinacius
1202 1041 1344 1122 resistis,
1373 1059 1437 1106 non

217 1135 383 1212 mteroedo
416 1149 586 1231 quominus
618 1149 703 1214 inter
725 1147 948 1214 miscellaneas
981 1147 1167 1214 ltistoriolas
1194 1148 1276 1213 harre
1302 1147 1436 1213 referas.

217 1273 292 1318 nam
314 1255 396 1320 talia
417 1263 494 1320 sunt
515 1273 723 1338 quaecunque
745 1261 885 1334 restrum
916 1255 1001 1320 unde
1023 1255 1107 1320 ritas
1129 1255 1393 1338 philosophorum
1418 1271 1438 1317 a

217 1360 377 1427 Favorino
400 1369 568 1428 enarratm
583 1381 656 1428 esse
671 1380 872 1444 nequaquam
892 1363 1108 1445 consequitur.
1146 1363 1362 1445 Metapontini
1377 1361 1439 1444 Py·

218 1467 375 1550 thagorae
391 1469 520 1535 domum
535 1469 664 1536 Cereris
678 1469 797 1548 finum,
813 1469 980 1552 vicumque
996 1471 1030 1535 in
1045 1490 1108 1553 quo
1125 1471 1188 1536 sita
1204 1475 1276 1536 erat
1290 1467 1439 1535 Museum

218 1576 516 1660 vocantll'lII15);
529 1577 684 1658 Diogenis
695 1577 880 1658 tragoedias
887 1577 1060 1659 Pasiphou
1073 1577 1285 1661 philosophus
1294 1576 1439 1642 Eretria·

219 1703 285 1764 cus,
309 1683 414 1768 (cuius
429 1686 538 1766 patria
552 1683 612 1750 sub
629 1691 773 1750 monstro
788 1689 976 1750 Λουκιανοῦ
990 1685 1086 1769 latet)
1101 1685 1270 1768 conposuit
1293 1683 1354 1766 (vl
1365 1683 1438 1764 73);

219 1791 313 1856 Pluto
335 1791 369 1856 in
392 1791 558 1874 republica
580 1791 751 1856 senonum
772 1791 971 1872 Protagorae
992 1792 1093 1858 libros
1115 1791 1269 1874 compilat
1290 1789 1354 1873 (ΙΙΙ
1371 1789 1438 1872 57),

218 1898 305 1981 quod
327 1898 361 1963 in
383 1899 524 1966 secundo
546 1899 629 1964 libro
650 1899 769 1964 lectum
789 1917 861 1964 asse
876 1889 1030 1980 traditan
1053 1917 1204 1965 numerus
1224 1917 1281 1964 cur
1296 1903 1440 1963 mutetur

220 2023 318 2072 musa
339 2004 444 2085 nulla,
467 2005 562 2071 moth
585 2006 699 2072 smilis
721 2005 820 2071 fuerit
842 2005 1020 2088 Omnigeua
1040 2006 1191 2072 Favorini
1216 2003 1355 2070 historia
1377 2003 1440 2068 Va·

220 2111 289 2176 riae
316 2111 443 2176 Aeliani
478 2119 537 2178 aut
569 2111 834 2178 ltnonbilibus
867 2113 1028 2180 Favorini.
1078 2113 1172 2179 Plato
1205 2113 1239 2178 in
1273 2111 1440 2177 Phidiadis

221 2221 398 2302 Aeginetae
429 2219 565 2286 aedibus
592 2221 736 2286 nascitm
761 2221 896 2305 (1113);
931 2221 1127 2303 Protagoras
1156 2219 1247 2286 audit
1274 2217 1440 2301 Sapientia

220 2327 281 2410 (IX
297 2329 364 2412 50).
402 2328 467 2394 duo
489 2327 571 2393 scite
592 2327 681 2392 (licta
702 2333 788 2408 sunt„
812 2327 988 2394 Carneadis
1002 2327 1150 2408 alterum,
1173 2345 1245 2392 cum
1260 2325 1439 2392 Mentorcm

221 2433 332 2500 schola
354 2435 431 2501 eicit
452 2435 512 2518 (IV
528 2435 596 2514 63),
619 2435 759 2502 alterum
774 2435 933 2518 Aristippi
954 2436 1096 2518 (5125)
1113 2434 1199 2518 quod
1218 2433 1267 2500 ita
1282 2433 1439 2500 aunem

222 2547 273 2606 est
294 2543 456 2624 excerptis
478 2540 618 2623 sylloges
639 2541 805 2608 cuiusdam
824 2543 1142 2626 apophthegmatum,
1165 2546 1202 2607 ut
1224 2539 1320 2607 facile
1343 2539 1439 2622 adpa-

221 2655 294 2714 reat
327 2653 362 2714 et
387 2648 581 2714 Favorinum
614 2649 656 2714 ad
690 2667 819 2716 manum
852 2648 952 2715 tuisse
981 2649 1120 2731 Diogeni
1153 2653 1188 2713 et
1221 2653 1332 2714 cetera
1365 2665 1439 2729 apo-

221 2755 433 2838 phthegmata
454 2775 518 2824 non
541 2761 671 2840 rupta
692 2775 765 2824 ease
780 2777 820 2824 ex
834 2775 883 2824 eo.
922 2755 1055 2822 tcrfium
1074 2753 1324 2838 apophthegm,
1348 2771 1439 2838 poro-

222 2863 277 2928 rlia
308 2881 422 2930 rursus
448 2863 636 2944 Homerica,
670 2865 874 2931 coniunctum
907 2869 959 2930 est
992 2881 1063 2928 cum
1096 2863 1227 2928 invento
1254 2861 1439 2930 Aristotelis

222 2987 322 3051 supra
335 2970 401 3034 iam
420 2970 541 3036 adlato.
575 2971 709 3036 Dionem
724 2977 892 3054 aegrotum
914 2971 950 3036 in
970 2971 1085 3038 lectica
1100 2970 1246 3053 sequitur
1261 2970 1438 3053 Ann'gonus

222 3075 281 3159 (IV
293 3077 360 3161 54),
383 3095 456 3144 cum
477 3097 541 3160 quo
564 3077 819 3160 coniungeudum
841 3077 927 3162 quod
950 3078 991 3144 de
1008 3075 1222 3161 Theophrasti
1244 3075 1364 3144 lectica
1377 3083 1439 3144 tra·

222 3181 310 3248 ditur
332 3183 376 3266 (V
398 3184 466 3268 46),
500 3183 556 3250 ubi
589 3183 672 3250 liber
705 3186 855 3252 Fauorini
892 3203 957 3252 nou
991 3185 1151 3252 indicatus
1185 3189 1245 3250 est
1304 3185 1438 3267 denique

223 3307 321 3354 unum
335 3291 428 3372 quasi
443 3296 541 3374 caput
555 3289 700 3358 efficiunt
715 3311 852 3376 eaquae
868 3293 908 3358 de
923 3291 1164 3358 accusatoribus
1178 3290 1438 3376 philosophorum

223 3403 308 3478 sunt
336 3397 510 3480 Polyeucto
538 3399 681 3466 Socratis
715 3400 841 3484 (1178)
869 3399 1088 3466 Charmandro
1115 3398 1261 3464 Platonis
1289 3397 1354 3482 (ΠΙ
1379 3398 1437 3480 19),

223 3503 414 3587 Demophilo
442 3506 628 3573 Aristotelis
651 3507 694 3589 (V
718 3509 753 3587 5)
780 3507 945 3574 Demetrio
972 3506 1154 3574 Poliorceta
1175 3506 1334 3574 Demetrii
1361 3506 1438 3572 Pho

223 3609 304 3677 lerei
326 3611 370 3694 (V
393 3613 460 3693 77).
511 3613 660 3680 adscribo
683 3614 724 3680 de
746 3613 883 3681 Platone
904 3615 1004 3682 rerba
1029 3615 1115 3698 ipsa,
1145 3619 1183 3680 ut
1209 3613 1383 3698 intellegas
1408 3619 1437 3678 te

223 3717 372 3802 (ducalius
386 3719 515 3802 quidem
532 3721 618 3806 aliis)
640 3722 801 3788 incautius
824 3723 929 3804 egisse
952 3741 1024 3788 cum
1045 3721 1149 3788 multa
1169 3727 1268 3804 atque
1290 3723 1374 3790 adeo
1396 3723 1438 3788 iu·

223 3831 349 3907 tagram
382 3825 534 3894 itinerum
561 3828 800 3896 Platonicorum
833 3829 1052 3896 menonem
1078 3829 1237 3896 Favorino
1272 3830 1437 3898 monos.

224 3931 440 4018 Χάρρρρσρρρ
453 3935 708 4024 summo
722 3933 893 4024 ερρᾰραρρ
909 3933 997 4023 αὐτῷ
1010 3935 1104 4021 «περ
1117 3933 1270 4002 θανάτου
1283 3939 1369 4002 περ
1385 3935 1439 4002 τὸν

224 4039 305 4124 παρ’
326 4034 435 4116 αὐτοῖς
460 4043 602 4140 τεθέντα
624 4041 737 4128 νόμον,
765 4045 824 4110 τὸν
849 4045 981 4130 noim
1006 4039 1168 4126 ἐπιβάντα
1190 4040 1438 4131 ’Aqunlwrj

225 4141 310 4234 νήσῳ
331 4147 464 4234 ἄκριτον
486 4145 719 4236 ἀποθνήσκων.
758 4147 813 4235 (ἢν
835 4151 865 4216 δ’
892 4148 989 4227 αὐτὸς
1010 4149 1029 4216 ὁ
1051 4155 1127 4226 θεῖς
1143 4151 1202 4217 τὸν
1222 4149 1326 4236 νόμων
1347 4147 1437 4218 aad
