3010 4866
1230 235 1269 300 ll

59 415 175 494 prodiit,
191 421 238 496 ut,
256 413 373 498 quibus
386 414 492 479 verbis
505 419 626 478 certam
640 412 800 494 quandam
814 429 984 493 personam
998 417 1110 476 auctor
1123 388 1276 493 adpellat,

60 539 91 584 ea
110 524 141 586 in
162 523 282 588 librum
308 541 398 587 suam
413 523 542 602 integra
557 520 757 586 transferret.
799 520 938 584 Totam
961 519 1091 600 igitur
1113 520 1276 601 Epicuri

59 627 272 696 doctrinam
298 631 413 695 docte
430 627 545 694 illam
562 629 771 710 etcopiose
789 627 1012 708 expositam
1035 627 1081 691 ad
1099 628 1275 692 Dioclem

60 753 135 800 esse
155 737 423 802 revocandam.
450 771 492 781 -

138 843 195 910 llic
218 844 313 926 quasi
328 844 369 908 ad
385 843 608 925 respirandum
633 843 792 920 substitio
818 843 858 907 ad
880 843 944 906 alia
962 843 1101 908 animum
1118 845 1278 908 convertit

59 955 89 1014 et
111 951 272 1016 recreavit.
318 949 470 1017 Reiectus
493 971 575 1016 novo
599 969 658 1014 nec
680 951 785 1014 minus
808 949 989 1014 uehementi
1013 950 1136 1032 impetu
1160 951 1276 1016 iterum

59 1059 269 1139 quaestionem
304 1059 492 1140 adgreditur
522 1059 615 1142 [mus.
646 1058 736 1124 rhen.
761 1059 866 1122 XXIV
897 1057 1013 1141 [1869]
1042 1077 1062 1138 p
1096 1061 1157 1122 194
1181 1060 1274 1144 sqq.].

61 1165 135 1230 Ante
168 1167 275 1232 omnia
310 1167 454 1232 subsidia
488 1167 550 1232 sibi
586 1167 730 1248 paranda
766 1184 836 1230 esse
870 1166 961 1230 vidit.
1014 1166 1115 1243 Quam
1150 1163 1278 1232 infirma

60 1273 187 1352 pararit!
229 1273 374 1354 Sumpsit
391 1275 474 1338 enirn
491 1274 576 1354 quod
600 1274 640 1336 de
665 1273 767 1338 stoica
792 1277 825 1337 et
847 1273 997 1353 epicurea
1021 1273 1168 1338 doctrina
1191 1275 1276 1340 idem

60 1379 95 1442 de
123 1381 241 1460 cynica:
272 1379 323 1444 cui
352 1381 555 1445 coniecturae
584 1379 680 1444 iidem
709 1379 881 1444 conciliare
911 1381 1036 1444 studuit
1066 1399 1103 1445 ex
1131 1382 1177 1446 Vl
1203 1383 1275 1462 103,

60 1486 110 1550 ubi
142 1485 218 1551 haec
249 1487 381 1568 scripsit
409 1487 571 1550 Laertius:
609 1484 930 1570 προσυπογράψομεν
965 1485 1002 1548 δὲ
1035 1493 1090 1549 καὶ
1119 1489 1160 1550 τά
1188 1496 1278 1578 κοινῇ

59 1587 227 1676 ἀρέσκοντα
250 1581 366 1666 ἀἀτοίς
396 1629 438 1640 ·-
466 1589 592 1676 ἀρέσκει
622 1588 682 1658 σύν
710 1589 820 1668 αδτοίς
852 1631 890 1640 -
922 1593 976 1655 καί
1003 1589 1084 1676 ὅπερ
1115 1598 1195 1670 τινες
1223 1595 1279 1658 ἐπί

61 1698 246 1784 Σωκράτους,
262 1709 358 1766 τοῦτο
371 1701 534 1786 Διοκλῆς
549 1701 604 1764 ἐπὶ
616 1705 787 1781 Διογένους
803 1699 997 1784 ἀναγράφει,
1014 1707 1128 1765 τούτου
1142 1700 1279 1785 φάσκων

62 1807 169 1884 λέγειν·
187 1810 250 1874 ‘del
264 1808 365 1893 ζρτείν
379 1806 445 1872 ὅττι
461 1829 510 1873 τοι
525 1809 562 1872 ἐν
573 1807 738 1892 μεγάροισι
754 1809 856 1872 κακόν
871 1811 899 1871 τ’
915 1805 1051 1889 ἀγαθάν
1066 1833 1098 1872 τε
1113 1811 1276 1875 τέτακταί.

62 1913 158 1980 littam
180 1917 212 1982 in
239 1919 356 1982 ceteris
379 1917 642 1998 philosophorum
666 1917 794 1999 placitis
815 1917 998 1982 Laertianis
1022 1923 1111 1981 certa
1127 1915 1278 1982 Diocleae

63 2023 186 2103 originis
214 2023 412 2105 deprehendi
440 2024 586 2104 vestigia.
639 2023 720 2101 Quin
756 2024 837 2088 adeo
865 2024 986 2088 Dioclis
1020 2023 1123 2105 ipsius
1157 2023 1278 2088 iontem

63 2147 277 2213 nonnunquam
301 2131 423 2212 detegi;
454 2132 542 2196 velut
566 2131 805 2213 Apollodorum,
830 2133 981 2212 qnoniam
1005 2131 1065 2196 Vll
1092 2133 1150 2195 181
1177 2133 1278 2196 mani-

63 2233 168 2302 lestnm
188 2240 221 2304 in
239 2239 364 2304 Stoicos
381 2240 424 2304 sit
440 2239 546 2304 odium
571 2239 711 2304 studium
735 2258 813 2320 erga
830 2239 1020 2321 Epicureos:
1045 2239 1100 2302 aot
1115 2234 1277 2303 Ἀπόλλο-

64 2341 154 2430 δωρος
170 2346 204 2408 δὲ
219 2343 426 2432 ὀἈδρναίος
442 2346 523 2430 [scil.
538 2347 729 2430 Epicureus]
747 2345 783 2408 ἐν
795 2347 831 2434 τῇ
848 2347 1016 2433 συναγωγῇ
1027 2347 1092 2428 τοῖν
1104 2344 1279 2426 δογμάτων

64 2447 115 2531 [=
141 2457 210 2537 napi
243 2453 436 2537 polvcarpus
470 2452 625 2536 αἱρέσεων
659 2451 696 2518 cl.
730 2453 819 2518 Diels
856 2455 987 2536 doxogr.
1019 2473 1065 2535 gr.
1099 2473 1129 2534 p.
1161 2456 1202 2517 79
1233 2454 1278 2538 n.]

63 2557 247 2640 βουλόμενος
259 2559 476 2644 παριστάνειν,
495 2559 544 2625 ὅτι
556 2559 597 2624 τά
608 2557 804 2643 Ἐπικούρου
816 2563 918 2642 οἰκείᾳ
930 2559 1066 2642 δυνάμει
1075 2565 1279 2646 γεγραμμένα

62 2665 110 2725 καί
136 2661 336 2746 ἀπαράθετα
365 2667 445 2732 ὄντα
476 2673 578 2750 μορίῳ
610 2667 709 2730 πλείω
738 2667 806 2730 ἐστί
828 2667 892 2732 τοῖν
920 2671 1114 2751 Χρυσίππου
1137 2669 1279 2748 βιβλίων,

63 2777 151 2854 φησὶν
183 2771 284 2848 οὕτως
319 2770 397 2864 αὐτῇ
424 2775 462 2861 τῇ
491 2776 590 2853 λέξει·
623 2777 662 2838 ‘si
683 2774 744 2859 γάρ
773 2797 821 2847 τις
849 2769 968 2856 ἀφέλοι
996 2783 1060 2839 τῶν
1088 2779 1280 2858 Χρυσίππου

63 2877 195 2962 βιβλίων,
219 2879 268 2944 δσ’
291 2879 451 2964 ἀλλότρια
474 2886 719 2966 παρατέθειται,
745 2881 836 2954 κενὸς
860 2877 948 2966 αύτῷ
970 2877 988 2946 δ
1010 2880 1127 2966 χάρτης
1149 2883 1279 2946 καταλε-

63 2985 224 3070 λείψεται’·
259 2993 439 3056 καὶταῦτα
473 2994 533 3074 μὲν
568 2989 586 3053 δ
616 2987 887 3074 Ἀπολλόδωρος·
923 2987 941 3073 ἢ
973 2989 1008 3052 δὲ
1038 2989 1277 3074 παρεδρεύουσα

65 3099 219 3174 πρεσβῦτις
242 3097 346 3182 αύτῷ,
379 3096 421 3172 ὥς
445 3117 521 3182 φησι
545 3099 693 3181 Διοκλῆς,
719 3099 826 3177 ἔλεγεν
849 3097 891 3172 ὡς
912 3101 1140 3170 πεντακοσίους
1162 3094 1281 3180 γράφει

64 3206 181 3280 στίχους
213 3203 409 3288 ἡμερησίους.
464 3205 545 3270 ltem
582 3206 810 3287 Apollodorum
838 3205 867 3270 X
902 3209 942 3270 10
977 3224 1035 3287 per
1069 3205 1212 3268 Dioclem
1247 3205 1280 3268 in

66 3305 175 3374 Laertii
209 3312 336 3378 venisse
365 3313 559 3394 farraginem
591 3311 629 3378 ci.
659 3315 752 3376 κοίεά
783 3333 860 3398 φησι
889 3314 944 3376 καὶ
963 3308 1208 3392 Ἀπολλόδωρος
1238 3347 1279 3358 -

67 3413 191 3500 Διοκλῆς
215 3419 252 3482 δέ
273 3419 337 3484 κτλ.
386 3421 485 3502 Atqui
513 3421 654 3486 eiusdem
685 3422 872 3502 Apollodori
900 3419 1127 3484 menti0160
1155 3419 1202 3482 ita
1233 3421 1280 3482 in-

67 3523 174 3588 serim
197 3537 280 3600 τοτς
303 3525 343 3588 δὲ
367 3522 598 3607 ἀνθρώποις
626 3515 940 3607 συνεβούλευσεν
963 3523 1083 3608 [Solo]‚
1113 3521 1155 3598 ὥς
1183 3543 1281 3609 φησιν

63 3621 297 3714 Ἀπολλόδωρος
326 3633 363 3694 ἐν
389 3639 434 3710 τῷ
461 3633 533 3713 περὶ
566 3632 630 3696 τοῖν
665 3629 856 3714 φιλοσόφων
888 3631 1051 3714 αἱρέσεων,
1087 3628 1181 3695 τάδε’
1216 3633 1279 3698 κτλ.

69 3731 181 3800 Eadem
208 3739 260 3802 υεί
285 3737 463 3802 simillima
480 3739 642 3822 formula
671 3737 830 3802 Laertzrcs
860 3775 900 3786 —-
928 3737 981 3801 vel
1002 3735 1117 3822 polius
1146 3743 1185 3800 ul
1212 3736 1279 3802 ιἀτυ

69 3837 135 3902 licet
152 3842 258 3908 δάσεα
281 3843 415 3908 Drocles
438 3883 481 3892 -
505 3843 616 3908 utitur
639 3847 664 3908 I
681 3847 721 3910 87
748 3843 977 3926 συνεβούλευσε
1009 3841 1044 3906 δὲ
1068 3838 1132 3907 ὧδε
1156 3843 1279 3929 [Bra-ri

70 3943 90 4006 I
115 3949 153 4012 92
190 3947 421 4030 συνεβούλευσε
459 3951 670 4034 [Cleobulusl.
727 3951 862 4016 Praeter
900 3949 1130 4033 Apollodorum
1170 3951 1202 4015 in
1241 3951 1281 4016 iis

71 4048 220 4122 laertiani
244 4057 320 4122 libri
343 4059 491 4139 partibus
518 4077 598 4141 quas
621 4059 725 4124 Diocli
752 4059 948 4124 vindicasset
971 4057 1159 4124 Panaetium
1184 4057 1282 4123 Clito·

70 4160 202 4228 nachnm
218 4163 416 4246 Meleagrum
429 4163 650 4247 Hippobotum
666 4165 811 4231 excitari.
839 4166 986 4248 Denique
1002 4165 1105 4230 utitur
1121 4183 1170 4245 ea,
1187 4165 1215 4229 si
1231 4165 1281 4230 dis
