3044 4860
614 209 632 244 ι.
660 197 771 240 τηαν.
1261 183 1302 250 85

74 351 295 437 ἱεροποιῆσαί
318 351 422 416 τεκαὶ
439 353 504 419 τόίν
522 353 668 418 Μουσῶν
690 351 889 440 ἐπιμελητὴν
903 357 1079 434 γενέσθαι·
1103 354 1124 418 ἃ
1140 353 1181 444 δὴ
1198 356 1308 444 πάντα

73 454 233 542 ἐφαίνετο
261 457 361 537 λόγου
392 455 453 538 μὲν
480 453 637 540 ἀλλότρια
664 457 720 520 καὶ
751 457 956 543 φιλοσοφίας
984 461 1089 535 εἶναι,
1123 463 1247 546 τρυφὴς
1269 462 1307 526 δὲ

73 563 129 624 καὶ
159 559 387 644 περιστάσεως
417 558 609 645 οίκειότερα.
666 561 721 624 καὶ
744 559 807 646 γὰρ
830 562 860 624 εί
882 559 1041 646 παρίεντό
1062 584 1148 638 τινες
1174 565 1239 629 τῶν
1260 561 1304 651 μὴ

74 665 270 748 δυναμένων
293 667 341 739 είς
362 664 466 728 ταῦτα
488 661 679 729 ἀναλίσκειν
701 661 771 729 ἀπό
794 668 951 750 βραχείας
979 663 1035 728 καὶ
1063 663 1122 745 τὴς
1147 666 1306 753 τυχούσης

75 765 264 853 ὁρμώμενοι
291 771 463 853 χορηγίας,
497 763 516 832 ό
542 768 572 847 γ’
600 767 745 850 ἐθισμός
773 764 892 843 ἲκανιός
918 764 957 852 ὴν
985 765 1120 844 ἄτοπος.
1177 767 1215 833 οδ
1243 771 1340 856 γάρό

75 879 132 936 ἵνα
156 875 345 957 συρρυέντες
371 870 430 935 ἐπὶ
453 867 549 936 ταύτό
572 873 629 955 τὴς
651 875 711 946 ἕως
733 867 914 956 τούρθρίου
941 875 1115 956 γενομένης
1142 871 1305 959 τραπέζης

74 971 318 1042 ἀπολαύσωσιν
345 973 365 1060 ὴ
390 973 487 1058 χάριν
514 973 657 1050 ἐξοινίας
685 973 888 1058 ἐποιήσαντο
914 975 973 1049 τάς
999 973 1160 1052 συνόδους
1186 974 1305 1052 ταύτας

74 1079 108 1144 οἳ
138 1085 217 1164 περὶ
242 1077 404 1144 Πλάτωνα
435 1080 489 1143 καὶ
512 1073 755 1154 Σπεύσιππον,
791 1073 862 1141 ἀλλ’
893 1085 948 1142 ἵνα
970 1083 1157 1165 φαίνωνται
1185 1081 1240 1142 καὶ
1268 1080 1305 1145 τὸ

73 1189 178 1248 θεῖον
199 1185 356 1267 τιμῶντες
383 1183 437 1246 καὶ
462 1183 609 1266 φυσικῶς
631 1178 787 1266 ἀλλὴλοις
809 1181 1154 1266 συμπεριφερόμενοι,
1188 1185 1244 1246 καὶ
1266 1185 1304 1248 τό

75 1287 238 1351 πλεῖστον
267 1291 376 1351 ένεκεν
409 1281 549 1360 ἀνέσεως
582 1285 639 1348 καὶ
673 1283 878 1370 φιλολογίας.
934 1281 1019 1370 ἀδὴ
1048 1283 1159 1350 πάντα
1190 1289 1304 1366 γέγονε
1325 1300 1357 1353 10

75 1389 215 1473 δεύτερα
237 1391 329 1474 παρὰ
351 1401 422 1465 τοῖς
449 1385 583 1468 ὕστερον
604 1389 669 1453 τῶν
689 1411 726 1452 τε
747 1388 913 1468 χλανίδων
934 1390 990 1452 καὶ
1011 1391 1068 1473 τὴς
1090 1386 1304 1468 πολυτελείας

72 1497 132 1578 τὴς
157 1495 336 1579 εἰρημένης.
381 1489 419 1558 ού
441 1491 505 1576 γαρ
528 1492 627 1575 ἔγωγε
654 1493 729 1568 τούς
751 1491 893 1567 λοιπούς
916 1487 1169 1575 ὑπεξαιροῦμαι.
1224 1491 1242 1557 ό
1265 1493 1303 1558 δὲ

75 1596 203 1660 Λύκων
224 1593 283 1660 ἀπ’
307 1594 501 1670 ἀλαζονείας
523 1597 578 1658 καὶ
600 1591 695 1680 ἐντῷ
710 1589 964 1679 ἐπιφανεστάτῳ
979 1596 1036 1677 τὴς
1051 1594 1180 1670 πόλεως
1194 1597 1301 1684 τόπῳ,

71 1701 109 1764 ἐν
131 1700 172 1788 τὴ
199 1697 349 1774 Κόνωνος
372 1699 476 1778 οίκίᾳ,
505 1701 593 1778 είχεν
615 1699 836 1764 εἰκοσίκλινον
858 1700 967 1773 οἶκον,
992 1693 1028 1771 ὃς
1051 1693 1090 1782 ὴν
1112 1698 1302 1786 ἐπιτὴδειος

73 1798 166 1888 αὐτῷ
190 1801 272 1886 πρός
293 1802 353 1878 τάς
375 1799 554 1882 ύποδοχάς.
1322 1814 1353 1868 15

163 1901 204 1989 ὴν
226 1903 263 1968 δέ
285 1901 304 1970 ὁ
329 1903 451 1970 Λύκων
473 1906 528 1968 καὶ
552 1903 751 1990 σφαιριστὴς
774 1900 905 1984 ἀγαθός
928 1905 983 1968 καὶ
1006 1902 1187 1981 ἐπιδέξιος.

166 2082 328 2136 ΙΜιιισῶνε
356 2080 424 2136 nbor
449 2079 524 2136 δίεεε
550 2079 642 2148 stelle,
670 2095 704 2134 an
729 2079 778 2134 der
797 2078 926 2134 Μεὶοείιε
949 2080 1052 2134 θυσιῶν
1076 2078 1220 2148 conjiciert
1242 2081 1300 2151 hat,

70 2171 124 2242 vgl.
139 2185 239 2224 excurs
253 2172 276 2224 2.
314 2172 330 2226 5
349 2167 364 2223 ὃ
381 2170 531 2242 γ’ἐθισμός
549 2169 592 2223 ich
612 2168 657 2224 fur
676 2168 689 2223 ὅ
708 2191 739 2241 γε
756 2169 864 2240 μισθός.
895 2168 980 2224 δεοιίτ
999 2169 1035 2223 ist
1053 2167 1103 2224 der
1120 2171 1230 2238 anstots,
1249 2171 1300 2226 der

69 2261 158 2314 sehon
178 2259 353 2313 Casauhonuu
376 2275 426 2312 zur
445 2259 576 2314 annahme
603 2259 677 2313 einer
700 2257 781 2313 lncke
805 2258 890 2327 αἰεί),
917 2257 1045 2313 entfernt·
1093 2261 1123 2313 ll
1148 2257 1222 2330 παρὰ
1245 2267 1301 2320 τοῖς

71 2349 312 2420 schweighauser:
332 2349 394 2422 παρ’
414 2350 512 2411 αὐτοῖς.

163 2583 323 2666 Diogenes
340 2585 367 2650 V
385 2587 425 2648 67
450 2583 535 2650 ἀλλὰ
557 2583 613 2648 καλ
628 2583 935 2668 γυμναστικώτατος
950 2582 1077 2664 ἐγένετο
1097 2583 1153 2647 καὶ
1169 2581 1298 2671 εύέκτης

67 2688 104 2756 τό
129 2691 228 2774 σῶμα
249 2690 308 2776 τὴν
328 2716 364 2756 τε
387 2691 500 2756 πᾶσαν
522 2693 637 2771 σχέσιν
652 2685 837 2772 ἀθλητικὴν
859 2687 1062 2772 ἐπιφαίνων,
1085 2685 1298 2765 ὠτοθλαδίας

69 2797 124 2858 καὶ
151 2793 293 2879 ἐμπινὴς
322 2794 385 2872 ὤν,
418 2791 512 2866 καθά
539 2811 644 2878 φησιν
662 2790 886 2871 ’Λντίγονος
913 2789 932 2856 ό
960 2787 1192 2874 Καρύστιος.
1237 2791 1296 2856 διδ

69 2903 169 2964 τοῦτο
198 2897 235 2962 δὲ
264 2897 318 2962 καί
348 2897 515 2962 παλαῖσαι
549 2897 678 2976 λέγεται
708 2893 749 2959 τό
775 2897 803 2958 τ’
826 2895 861 2959 ἐν
889 2897 928 2985 τὴ
950 2895 1088 2979 πατρίδι
1108 2891 1217 2960 Ἰλίεια
1239 2896 1294 2960 καὶ

66 3005 261 3088 σφαιρίσαι.

156 3103 199 3179 ιός
222 3102 280 3169 ούκ
303 3099 403 3180 ἀλλος
423 3105 452 3168 τ’
474 3101 514 3191 ὴν
535 3104 634 3188 φίλος
655 3113 727 3178 τοῖς
749 3102 826 3187 περί
845 3099 971 3187 Εὐμένη
995 3101 1050 3165 καὶ
1067 3099 1236 3178 Ἄτταλον,
1260 3108 1297 3166 or

67 3209 121 3273 καὶ
152 3207 296 3272 πλετστα
322 3202 547 3292 έπεχορὴγουν
575 3205 672 3292 αὐτῷ.
727 3207 895 3292 ἐπειράθη
926 3207 956 3272 δ’
986 3202 1086 3270 αδτόν
1118 3215 1211 3286 σχεϊν
1238 3207 1293 3269 καὶ

63 3309 244 3392 Ἀντίοχος,
270 3309 341 3374 ἀλλ’
364 3309 421 3375 οδκ
445 3309 564 3391 ἔτυχεν.

154 3415 222 3494 (68)
246 3409 334 3477 οδτω
358 3413 389 3478 δ’
412 3409 450 3500 ὴν
472 3413 595 3497 ἐχθρός
614 3411 789 3499 Ἱερωνύμῳ
812 3413 857 3499 τῷ
881 3415 1142 3498 περιπατητικῷ,
1167 3409 1210 3488 τός
1231 3411 1292 3496 μό-

68 3541 120 3592 νος
143 3517 190 3602 μὴ
214 3513 367 3581 ἀπαντᾶν
389 3519 473 3601 πρός
494 3514 595 3582 αύτόν
617 3519 665 3592 είς
686 3517 742 3603 τὴν
770 3515 899 3602 ἐτὴσιον
920 3513 1053 3602 ὴμέραν.
1099 3519 1175 3602 περί
1198 3510 1234 3601 ἧς
1257 3510 1292 3581 ἒν

68 3625 111 3704 τῷ
130 3619 346 3706 Ἀρκεσιλάου
368 3623 432 3706 βίω
455 3618 683 3704 διειλέγμεθα.

573 3921 784 3932 ..ευ-...Ἄ
