3010 4866
1253 229 1294 294 79

70 405 313 489 gravissimum,
361 412 396 472 at
429 425 493 472 non
532 406 602 472 sine
641 423 746 471 cansa.
814 405 989 472 Audiamus
1030 407 1114 474 enim
1156 409 1295 491 patroci-

69 520 221 581 nantem:

167 621 242 690 ‘Sed
264 619 356 686 enain
383 620 423 685 de
451 617 540 684 uaros
572 617 706 705 optilam
731 624 764 683 et
787 617 1008 705 grauissimis
1040 619 1075 685 si
1097 622 1296 686 credendum

69 728 132 793 ltoc
155 735 217 794 aul
240 726 481 814 amputandum
496 725 589 813 fuit,
619 747 754 792 causam
781 725 930 813 equitem
958 747 1025 792 esse
1052 726 1200 793 arbitror
1228 751 1297 794 non

69 835 314 902 obtrectationis
336 855 394 899 nec
416 833 567 898 inuidiae
588 853 692 919 nequae
709 835 749 898 de
765 833 883 920 gloria
898 833 1025 900 maim
1041 833 1208 921 parcam
1230 858 1297 901 cer·

69 942 231 1008 huonis·
258 944 337 1008 haec
363 941 454 1006 ma'rn
477 941 600 1026 proead
626 963 647 1004 o
669 939 819 1006 moribus
840 939 1071 1028 philosophiae
1098 943 1227 1016 obsunt,
1258 942 1298 1010 in

68 1051 195 1135 quibus
216 1050 276 1116 illi
294 1051 362 1114 duo
389 1047 541 1114 omninno
565 1046 692 1112 lutino
717 1048 955 1113 excelluerunt.
1003 1051 1097 1134 Quae
1119 1048 1231 1134 agatur
1252 1057 1301 1115 est

68 1156 245 1244 spineam
273 1156 375 1222 istius
403 1155 516 1220 rata'o?
568 1156 661 1220 Haec
683 1155 831 1241 profecto
859 1160 926 1220 est:
955 1155 1195 1243 ‘aequiparatio
1224 1157 1297 1244 ipsa

62 1265 269 1352 plerumque
290 1269 324 1330 et
348 1263 511 1351 parilitas
531 1262 699 1328 virtutum
728 1261 818 1328 anter
844 1283 879 1327 se
904 1261 1132 1328 camanum
1166 1263 1302 1330 etiarnsi

69 1371 296 1438 contentionis
317 1370 469 1437 studium
491 1376 524 1435 et
542 1370 698 1436 uoluntas
726 1369 814 1435 abest
833 1369 995 1457 speciem
1018 1376 1146 1437 tamen
1167 1393 1298 1438 aernu-

68 1478 250 1544 lationis
271 1485 383 1544 areal
402 1483 477 1544 etc!
523 1477 591 1556 Quo
615 1479 708 1544 Plato
733 1483 766 1544 et
783 1479 960 1561 Xenophon
982 1480 1076 1545 simul
1099 1481 1298 1546 tendebant?

70 1587 135 1653 Ubi
161 1588 331 1670 utriusque
354 1587 491 1652 virtutes
514 1588 650 1652 interae
674 1585 856 1652 consimiles
879 1587 919 1652 de
936 1587 1086 1669 opinione
1110 1587 1208 1653 Gellii
1232 1587 1299 1654 eni-

71 1695 212 1760 tebant?
251 1693 379 1776 Scripta
399 1693 550 1760 videlieet
573 1694 740 1776 utriusque
763 1693 871 1776 tangit
887 1694 1010 1760 Gellius
1034 1711 1082 1775 ea,
1108 1713 1190 1778 quae
1213 1695 1298 1761 idem

72 1803 277 1885 spectabant,
301 1803 464 1885 symposia
487 1799 630 1868 Socratis
653 1801 835 1883 apologiam
859 1807 893 1866 et
916 1802 1169 1867 commentarios
1203 1801 1299 1868 Calli·

73 1909 214 1974 ditatem
237 1909 301 1974 iam
324 1909 481 1992 perspicis
505 1909 690 1991 patrocinii:
720 1909 852 1974 crimina
876 1909 1053 1975 adversarii
1077 1909 1118 1974 ad
1141 1908 1299 1976 dolensiu-

72 2035 150 2082 uem
176 2017 279 2083 bonus
302 2017 447 2082 abutitur
471 2016 608 2096 Gellius,
639 2033 710 2081 cum
733 2016 930 2098 biographus
954 2016 1024 2082 eius
1048 2017 1146 2082 ‘velut
1170 2021 1299 2083 conten-

73 2124 176 2189 honis
204 2124 312 2189 studio
340 2123 454 2189 ductus
484 2123 601 2190 similia
629 2128 784 2206 coarguat
819 2123 986 2205 scripsisse
1021 2125 1208 2191 ‘cornuum
1243 2125 1299 2192 So·

73 2232 178 2296 cratis
212 2231 394 2314 apologiam
429 2231 696 2297 commentarios.
756 2232 799 2296 At
832 2232 962 2314 quinam
997 2235 1069 2296 erat
1102 2231 1299 2315 biographus

75 2339 202 2404 Laemii
219 2337 379 2421 Gelliique
403 2339 672 2422 ‘exquisitissima’
691 2339 826 2404 eximius
842 2339 1010 2404 doctrina?
1033 2337 1155 2422 Nempe
1172 2345 1301 2408 ‘memo-

76 2447 200 2512 riarum
229 2451 372 2512 ratarum
402 2447 716 2529 exsequentissimus’
746 2447 933 2513 Favorinus.
992 2447 1125 2514 Accedit
1153 2449 1239 2531 quod
1267 2450 1300 2514 in

76 2553 204 2618 illude
233 2553 378 2619 Platonis
412 2553 632 2620 simultatibus
665 2554 736 2620 loco
765 2555 938 2620 Laertiano
968 2573 1006 2620 ex
1034 2575 1098 2620 una
1126 2557 1301 2639 eademque

77 2659 225 2744 prolecto
259 2659 381 2728 fabrica
415 2661 620 2728 manifestum
655 2668 705 2727 est
738 2661 889 2728 Favorini
923 2661 1108 2744 vestigium,
1144 2663 1300 2745 siquidem

79 2775 169 2834 recte
205 2767 314 2850 paullo
352 2774 449 2834 antea
483 2789 514 2852 p.
541 2771 582 2834 72
618 2769 759 2836 Socratis
794 2769 834 2834 dc
869 2769 986 2852 Lyside
1020 2769 1165 2836 Platonis
1203 2771 1301 2837 male·

80 2875 202 2941 dictum
226 2875 345 2942 ibidem
370 2878 526 2943 insertum
549 2875 708 2943 Favorino
731 2877 970 2944 vindicavimus.
1006 2877 1050 2942 Et
1071 2877 1151 2944 baec
1173 2879 1301 2961 quidem

82 2984 122 3050 de
146 2981 262 3050 Gellio.

170 3091 258 3172 Alia,
293 3097 331 3157 ut
362 3091 402 3157 de
429 3091 564 3158 Platone
599 3091 777 3173 absolvam,
808 3093 912 3175 magis
942 3111 1026 3158 nunc
1055 3093 1176 3158 conicio
1206 3111 1301 3176 quam

83 3197 184 3280 probo
209 3199 343 3282 originis
367 3198 508 3264 eiusdem
533 3217 614 3282 esse,
639 3200 727 3265 velut
742 3199 903 3282 Aristippi
923 3201 996 3286 aaut
1018 3199 1165 3276 nutam
1184 3203 1305 3288 φῄς

83 3305 132 3370 ΠΙ
153 3305 197 3369 29
221 3305 405 3388 llyroaiaai
424 3305 467 3372 tr
484 3302 605 3392 ὅμως
627 3307 647 3390 5
669 3309 712 3373 to
735 3307 894 3373 limotbei
917 3306 937 3396 ξ
957 3309 976 3372 5
1000 3309 1075 3392 περὶ
1098 3311 1178 3391 βίων
1200 3308 1303 3374 Hera-

85 3411 176 3478 clidis
218 3411 264 3496 [ιιι
305 3414 411 3497 Satyri
451 3421 485 3480 et
523 3415 663 3481 Sotionis
703 3414 857 3499 epitoma]
896 3415 915 3498 §
952 3417 992 3480 16
1031 3417 1222 3482 comicorum
1262 3415 1302 3481 de

85 3521 220 3586 Platone
242 3523 440 3588 testimonia:
465 3522 499 3587 id
521 3522 607 3604 quod
630 3541 688 3588 suo
711 3527 857 3604 tempore
882 3521 922 3586 de
945 3522 1080 3605 singulis
1103 3523 1302 3588 demonstra·

85 3627 180 3692 bitur.

173 3733 224 3799 Ita
246 3737 311 3800 iam
334 3737 554 3818 quaestionem
578 3735 776 3802 conformare
798 3735 915 3818 placet,
945 3755 1027 3819 quae
1054 3756 1094 3802 ex
1116 3738 1183 3804 vita
1205 3737 1303 3803 Laer-

87 3843 175 3907 tiana
197 3841 342 3908 Platonis
365 3843 576 3912 abiudicauda
600 3845 767 3910 videantur
791 3843 979 3926 omnigenae
1002 3845 1167 3912 historiae.

174 3947 244 4014 Huc
259 3949 424 4031 pertinent
438 3951 591 4018 nonnulla
606 3957 980 4034 apomnemoueumatum
992 3953 1119 4020 nomine
1134 3953 1301 4036 insignita:

88 4075 127 4122 ex
148 4053 232 4122 libro
253 4055 271 4122 1
293 4057 426 4124 Pollidis
449 4059 599 4125 interitus
622 4055 655 4146 [§
671 4053 739 4145 20]‚
764 4063 873 4124 statua
895 4059 1040 4144 Platonis
1063 4079 1084 4125 a
1106 4059 1302 4126 Mithradate

89 4164 194 4248 posita
217 4163 250 4248 [§
265 4164 337 4248 25];
362 4183 400 4230 ex
418 4163 502 4232 libro
517 4165 550 4232 ll
572 4167 685 4232 mortis
701 4183 804 4230 annus
828 4162 860 4252 [ξ
876 4163 947 4254 40];
972 4186 1011 4232 er
1033 4167 1160 4234 libroV
1182 4167 1302 4250 Alcyon
