3016 4858
474 1053 872 1154 EPIMETRA.

345 1307 372 1362 Ι.
402 1305 445 1360 lle
463 1300 608 1360 Fauorini
627 1299 769 1358 oratione
789 1299 998 1360 Corlntblaoa.

151 1453 282 1535 Integra
310 1449 461 1516 Favorini
489 1446 610 1530 ingenii
637 1444 727 1518 nulla
749 1449 859 1510 extare
887 1450 1043 1527 putantur
1065 1453 1279 1514 monumenta

72 1558 171 1626 Fidem
194 1561 279 1626 enirn
302 1559 357 1642 qui
380 1555 647 1624 commentatione
670 1552 807 1636 quadam
829 1551 998 1635 praeclara
1012 1555 1126 1621 Dionis
1147 1554 1283 1638 Chryso·

73 1667 156 1733 stomi
177 1686 261 1751 quae
276 1665 380 1732 fertur
395 1664 572 1730 orationem
590 1645 827 1726 Corinthiacum
842 1660 991 1726 addicere
1006 1661 1108 1728 voluit
1122 1662 1281 1728 Favorino

72 1773 229 1858 Emporias
252 1773 374 1859 [opusc.
398 1793 430 1854 p.
450 1769 594 1854 18-31]
618 1768 740 1834 invenit
762 1767 892 1834 nullam.
933 1769 977 1834 Et
1000 1767 1129 1836 Geeliur
1153 1769 1282 1852 quidem

72 1879 148 1964 [adn.
170 1883 203 1948 in
231 1881 345 1948 Dionis
369 1899 415 1946 or.
439 1899 470 1962 p.
488 1879 551 1944 341
577 1875 640 1961 sq.]
668 1877 716 1942 ita
743 1876 913 1958 iudicarit,
945 1877 1007 1944 etsi
1035 1877 1116 1944 satis
1143 1875 1282 1959 probare

70 1989 198 2056 nondum
212 1989 375 2072 potuisset
389 1986 560 2070 Emporias
583 2003 622 2050 ea
637 1983 843 2066 sagacissime
866 1989 974 2050 tamen
990 1984 1080 2050 illum
1096 1985 1280 2066 coniecisse,

71 2115 203 2180 quoque
227 2095 424 2177 redarguere
448 2097 535 2159 essct
558 2089 697 2158 difficile.
737 2090 881 2174 Emperii
897 2109 1050 2158 conamen
1065 2093 1120 2175 qui
1140 2093 1282 2160 elevaret

70 2201 235 2269 Mamurius
262 2201 411 2268 inventus
442 2205 493 2266 est
519 2200 553 2266 in
576 2199 805 2266 dissertatione
829 2199 879 2266 ‘de
903 2199 1053 2267 Favorini
1075 2200 1144 2266 rita
1166 2199 1281 2266 studiis

70 2309 196 2392 scriptis’
221 2327 286 2375 non
309 2327 373 2374 uno
396 2307 457 2374 hoc
479 2307 607 2374 nomine
630 2305 851 2388 vituperanda

148 2416 181 2484 Si
209 2415 380 2498 Emporias
408 2434 519 2482 rerum
546 2413 725 2497 perspexit,
759 2413 793 2480 in
827 2432 950 2480 summo
984 2413 1073 2480 lucro
1107 2433 1191 2481 nova
1225 2414 1282 2480 illa

70 2523 177 2591 notitia
198 2524 384 2607 deputanda
407 2529 465 2590 est
514 2521 611 2589 Ouius
634 2521 719 2588 enim
742 2521 909 2603 scriptoris
932 2520 1113 2604 iragmenta
1135 2523 1280 2604 disiecta,

68 2633 124 2696 nisi
150 2651 345 2716 magnopere
375 2630 476 2698 falsus
503 2649 588 2711 sum,
624 2629 824 2712 repperimus
853 2634 905 2695 sat
932 2630 1048 2710 multa,
1078 2631 1148 2696 eius
1176 2636 1280 2697 totum

69 2741 217 2820 quoddam
245 2739 433 2822 opusculum
459 2739 489 2804 si
517 2742 657 2804 aetatem
684 2737 811 2818 tulerit,
847 2755 924 2803 sane
950 2737 1043 2804 nobis
1070 2739 1277 2820 gratulemur.

68 2843 110 2911 Eo
131 2847 284 2913 intentior
306 2847 350 2912 sit
373 2851 407 2912 et
436 2847 649 2914 accusationis
676 2849 909 2912 momentorum
933 2851 967 2912 et
989 2845 1183 2913 defensionis
1207 2866 1280 2913 con·

69 2955 236 3037 templatio.

148 3063 330 3130 Corinthios
356 3061 539 3128 rumoribus
566 3061 710 3128 adversis
737 3060 795 3126 scd
824 3059 865 3126 iis
887 3057 978 3126 falsis
1001 3059 1114 3126 ductos
1137 3063 1278 3126 statuam

69 3187 150 3235 suam
177 3176 310 3253 propter
337 3169 518 3235 facundiam
553 3173 587 3235 et
619 3167 843 3251 philosophiae
878 3167 1019 3232 studium
1049 3166 1128 3232 clari
1156 3167 1278 3233 virilu

68 3276 186 3356 publica
207 3277 403 3344 bibliotheca
425 3277 564 3360 positam
587 3295 606 3342 e
628 3276 733 3342 medio
749 3275 918 3342 sustulisse
935 3275 1140 3357 conqueritur
1157 3278 1276 3341 orator.

70 3381 198 3460 Quorum
222 3384 425 3468 iniquitatem
448 3383 550 3450 multa
573 3402 643 3450 oum
667 3384 869 3451 cavillatione
892 3385 939 3450 ita
953 3383 1078 3464 irridet,
1102 3387 1140 3449 ut
1155 3383 1196 3449 ad
1211 3401 1277 3449 me·
1320 3403 1322 3406 ·

69 3491 191 3557 moriam
225 3509 316 3558 suam
351 3491 600 3560 conservandam
637 3491 754 3560 statuis
788 3511 852 3559 non
885 3491 1055 3558 admodum
1091 3509 1171 3574 opus
1206 3509 1277 3557 esso

69 3596 225 3679 significet

145 3705 237 3772 Hunc
271 3705 410 3772 dialexim
444 3705 511 3772 sire
546 3723 654 3772 coram
683 3706 802 3788 populo
830 3725 888 3774 seu
915 3707 949 3773 in
983 3724 1093 3772 eorum
1129 3705 1276 3772 contione
1396 3786 1401 3799 ,

68 3811 115 3892 cri
137 3813 176 3878 ad
199 3813 391 3880 audiendum
407 3818 622 3880 convenerant
635 3812 780 3880 habitam
800 3833 871 3882 esse
886 3813 1036 3881 Reiskius
1058 3819 1092 3880 et
1106 3814 1276 3896 Emperius

69 3916 129 3984 iure
161 3921 365 3986 contendunt.
425 3921 590 4005 Gondigna
627 3925 702 3988 suut
740 3941 822 4004 quae
860 3927 1049 4005 repetantur
1086 3927 1276 4004 argumenta

69 4021 214 4110 imperii,
244 4028 359 4111 quibus
387 4031 566 4097 orationem
595 4028 790 4096 abiudicavit
812 4031 920 4096 Dioni:
950 4035 985 4096 at
1012 4030 1167 4096 hactenus
1190 4031 1275 4096 inter

70 4149 167 4202 onnes
205 4137 362 4204 convenit.
399 4173 442 4186 -
475 4137 607 4204 Addixit
640 4137 798 4206 Favorino
832 4137 1014 4204 Arelatensi
1051 4155 1115 4202 non
1152 4137 1274 4204 minore
