<?xml version="1.0" encoding="UTF-8"?>
<!DOCTYPE html PUBLIC "-//W3C//DTD XHTML 1.0 Transitional//EN"
    "http://www.w3.org/TR/xhtml1/DTD/xhtml1-transitional.dtd">
<html xmlns="http://www.w3.org/1999/xhtml" xml:lang="en" lang="en">
 <head>
  <title>
</title>
<meta http-equiv="Content-Type" content="text/html;charset=utf-8" />
  <meta name='ocr-system' content='tesseract 3.04.00' />
  <meta name='ocr-capabilities' content='ocr_page ocr_carea ocr_par ocr_line ocrx_word'/>
</head>
<body>
  <div class='ocr_page' id='page_1' title='image "./philologischeun00maasgoog/philologischeun00maasgoog_0436.png"; bbox 0 0 3010 4866; ppageno 0'>
   <div class='ocr_carea' id='block_1_1' title="bbox 1242 200 1284 266">
    <p class='ocr_par' dir='ltr' id='par_1_1' title="bbox 1242 200 1284 266">
     <span class='ocr_line' id='line_1_1' title="bbox 1242 200 1284 266; baseline 0.048 -2"><span class='ocrx_word' id='word_1_1' title='bbox 1242 200 1284 266; x_wconf 84' lang='lat'>59</span> 
     </span>
    </p>
   </div>
   <div class='ocr_carea' id='block_1_2' title="bbox 57 368 1286 3454">
    <p class='ocr_par' dir='ltr' id='par_1_2' title="bbox 57 368 1286 2264">
     <span class='ocr_line' id='line_1_2' title="bbox 58 368 1285 463; baseline 0 -21"><span class='ocrx_word' id='word_1_2' title='bbox 58 370 180 463; x_wconf 89' lang='lat' dir='ltr'>[semel]</span> <span class='ocrx_word' id='word_1_3' title='bbox 197 373 329 439; x_wconf 90' lang='lat' dir='ltr'>Polemo</span> <span class='ocrx_word' id='word_1_4' title='bbox 348 368 468 460; x_wconf 75' lang='lat' dir='ltr'>[semel]</span> <span class='ocrx_word' id='word_1_5' title='bbox 482 372 634 440; x_wconf 82' lang='lat' dir='ltr'>Seleucus</span> <span class='ocrx_word' id='word_1_6' title='bbox 652 369 825 460; x_wconf 75' lang='lat' dir='ltr'>[semel]⁶⁴)</span> <span class='ocrx_word' id='word_1_7' title='bbox 842 380 917 440; x_wconf 92' lang='lat' dir='ltr'>sunt</span> <span class='ocrx_word' id='word_1_8' title='bbox 928 375 1127 442; x_wconf 79' lang='lat' dir='ltr'><strong>remotiores.</strong></span> <span class='ocrx_word' id='word_1_9' title='bbox 1151 369 1285 442; x_wconf 86' lang='lat' dir='ltr'>Illorum</span> 
     </span>
     <span class='ocr_line' id='line_1_3' title="bbox 57 480 1285 564; baseline 0 -16"><span class='ocrx_word' id='word_1_10' title='bbox 57 485 119 548; x_wconf 90' lang='lat' dir='ltr'>etsi</span> <span class='ocrx_word' id='word_1_11' title='bbox 143 480 323 564; x_wconf 89' lang='lat' dir='ltr'>probabilis</span> <span class='ocrx_word' id='word_1_12' title='bbox 355 485 463 546; x_wconf 87' lang='lat' dir='ltr'>tamen</span> <span class='ocrx_word' id='word_1_13' title='bbox 491 499 555 546; x_wconf 93' lang='lat' dir='ltr'>non</span> <span class='ocrx_word' id='word_1_14' title='bbox 583 485 672 546; x_wconf 89' lang='lat' dir='ltr'>certa</span> <span class='ocrx_word' id='word_1_15' title='bbox 701 485 752 546; x_wconf 89' lang='lat' dir='ltr'>est</span> <span class='ocrx_word' id='word_1_16' title='bbox 781 481 888 546; x_wconf 89' lang='lat' dir='ltr'>sedes:</span> <span class='ocrx_word' id='word_1_17' title='bbox 919 500 975 548; x_wconf 91' lang='lat' dir='ltr'>cur</span> <span class='ocrx_word' id='word_1_18' title='bbox 1004 482 1089 548; x_wconf 88' lang='lat' dir='ltr'>enim</span> <span class='ocrx_word' id='word_1_19' title='bbox 1115 501 1179 548; x_wconf 89' lang='lat' dir='ltr'>non</span> <span class='ocrx_word' id='word_1_20' title='bbox 1202 483 1285 548; x_wconf 89' lang='lat' dir='ltr'>alius</span> 
     </span>
     <span class='ocr_line' id='line_1_4' title="bbox 57 588 1286 672; baseline -0.002 -16"><span class='ocrx_word' id='word_1_21' title='bbox 57 591 146 656; x_wconf 82' lang='lat' dir='ltr'>uelut</span> <span class='ocrx_word' id='word_1_22' title='bbox 171 588 368 654; x_wconf 91' lang='lat' dir='ltr'>Diocles-</span> <span class='ocrx_word' id='word_1_23' title='bbox 391 606 464 652; x_wconf 90' lang='lat' dir='ltr'>narn</span> <span class='ocrx_word' id='word_1_24' title='bbox 488 593 675 670; x_wconf 91' lang='lat' dir='ltr'>quantum</span> <span class='ocrx_word' id='word_1_25' title='bbox 697 589 802 654; x_wconf 90' lang='lat' dir='ltr'>Diocli</span> <span class='ocrx_word' id='word_1_26' title='bbox 832 589 988 656; x_wconf 81' lang='lat' dir='ltr'>debeatur</span> <span class='ocrx_word' id='word_1_27' title='bbox 1015 589 1155 654; x_wconf 91' lang='lat' dir='ltr'>nondum</span> <span class='ocrx_word' id='word_1_28' title='bbox 1183 588 1286 672; x_wconf 93' lang='lat' dir='ltr'>liquet</span> 
     </span>
     <span class='ocr_line' id='line_1_5' title="bbox 58 690 1285 780; baseline -0.002 -18"><span class='ocrx_word' id='word_1_29' title='bbox 58 735 99 744; x_wconf 89' lang='lat'>-</span> <span class='ocrx_word' id='word_1_30' title='bbox 125 713 183 762; x_wconf 92' lang='lat' dir='ltr'>eos</span> <span class='ocrx_word' id='word_1_31' title='bbox 207 696 364 760; x_wconf 83' lang='lat' dir='ltr'>antestari</span> <span class='ocrx_word' id='word_1_32' title='bbox 387 695 516 777; x_wconf 87' lang='lat' dir='ltr'>potuit?</span> <span class='ocrx_word' id='word_1_33' title='bbox 560 690 602 759; x_wconf 90' lang='lat' dir='ltr'>Hi</span> <span class='ocrx_word' id='word_1_34' title='bbox 627 696 776 778; x_wconf 89' lang='lat' dir='ltr'>quotiens</span> <span class='ocrx_word' id='word_1_35' title='bbox 800 696 885 777; x_wconf 90' lang='lat' dir='ltr'>apud</span> <span class='ocrx_word' id='word_1_36' title='bbox 911 695 1075 761; x_wconf 89' lang='lat' dir='ltr'>Laertium</span> <span class='ocrx_word' id='word_1_37' title='bbox 1099 699 1285 780; x_wconf 78' lang='lat' dir='ltr'>comparent</span> 
     </span>
     <span class='ocr_line' id='line_1_6' title="bbox 57 801 1283 886; baseline -0.002 -16"><span class='ocrx_word' id='word_1_38' title='bbox 57 807 98 870; x_wconf 91' lang='lat' dir='ltr'>ad</span> <span class='ocrx_word' id='word_1_39' title='bbox 122 805 264 870; x_wconf 92' lang='lat' dir='ltr'>indicum</span> <span class='ocrx_word' id='word_1_40' title='bbox 288 803 478 885; x_wconf 83' lang='lat' dir='ltr'>scriptorem</span> <span class='ocrx_word' id='word_1_41' title='bbox 503 803 571 868; x_wconf 88' lang='lat' dir='ltr'>sine</span> <span class='ocrx_word' id='word_1_42' title='bbox 595 803 788 868; x_wconf 90' lang='lat' dir='ltr'>temeritatis</span> <span class='ocrx_word' id='word_1_43' title='bbox 813 802 945 868; x_wconf 92' lang='lat' dir='ltr'>crimine</span> <span class='ocrx_word' id='word_1_44' title='bbox 969 801 1084 868; x_wconf 90' lang='lat' dir='ltr'>referri</span> <span class='ocrx_word' id='word_1_45' title='bbox 1107 808 1283 886; x_wconf 90' lang='lat' dir='ltr'>possunt.</span> 
     </span>
     <span class='ocr_line' id='line_1_7' title="bbox 57 908 1285 994; baseline -0.003 -16"><span class='ocrx_word' id='word_1_46' title='bbox 57 913 183 978; x_wconf 83' lang='lat' dir='ltr'>Vereor</span> <span class='ocrx_word' id='word_1_47' title='bbox 206 915 324 990; x_wconf 86' lang='lat' dir='ltr'>tamen,</span> <span class='ocrx_word' id='word_1_48' title='bbox 348 927 389 974; x_wconf 92' lang='lat' dir='ltr'>ne</span> <span class='ocrx_word' id='word_1_49' title='bbox 413 927 526 991; x_wconf 89' lang='lat' dir='ltr'>parum</span> <span class='ocrx_word' id='word_1_50' title='bbox 550 909 597 974; x_wconf 90' lang='lat' dir='ltr'>ita</span> <span class='ocrx_word' id='word_1_51' title='bbox 619 908 838 991; x_wconf 91' lang='lat' dir='ltr'>proficiamus:</span> <span class='ocrx_word' id='word_1_52' title='bbox 868 909 940 975; x_wconf 86' lang='lat' dir='ltr'>uide</span> <span class='ocrx_word' id='word_1_53' title='bbox 962 911 1057 976; x_wconf 92' lang='lat' dir='ltr'>modo</span> <span class='ocrx_word' id='word_1_54' title='bbox 1081 928 1164 993; x_wconf 90' lang='lat' dir='ltr'>quae</span> <span class='ocrx_word' id='word_1_55' title='bbox 1187 927 1285 994; x_wconf 90' lang='lat' dir='ltr'>supra</span> 
     </span>
     <span class='ocr_line' id='line_1_8' title="bbox 58 1016 1285 1102; baseline -0.005 -16"><span class='ocrx_word' id='word_1_56' title='bbox 58 1020 322 1102; x_wconf 86' lang='lat' dir='ltr'>computavimus.</span> <span class='ocrx_word' id='word_1_57' title='bbox 363 1017 454 1083; x_wconf 83' lang='lat' dir='ltr'>Nova</span> <span class='ocrx_word' id='word_1_58' title='bbox 471 1017 686 1099; x_wconf 87' lang='lat' dir='ltr'>comperiendi</span> <span class='ocrx_word' id='word_1_59' title='bbox 710 1035 784 1099; x_wconf 91' lang='lat' dir='ltr'>spes</span> <span class='ocrx_word' id='word_1_60' title='bbox 800 1022 857 1082; x_wconf 92' lang='lat' dir='ltr'>aut</span> <span class='ocrx_word' id='word_1_61' title='bbox 874 1017 1051 1097; x_wconf 91' lang='lat' dir='ltr'>abicienda,</span> <span class='ocrx_word' id='word_1_62' title='bbox 1076 1021 1133 1082; x_wconf 89' lang='lat' dir='ltr'>aut</span> <span class='ocrx_word' id='word_1_63' title='bbox 1149 1016 1285 1081; x_wconf 88' lang='lat' dir='ltr'>alteram</span> 
     </span>
     <span class='ocr_line' id='line_1_9' title="bbox 58 1123 1285 1210; baseline -0.002 -18"><span class='ocrx_word' id='word_1_64' title='bbox 58 1127 279 1210; x_wconf 80' lang='lat' dir='ltr'>ingrediamur</span> <span class='ocrx_word' id='word_1_65' title='bbox 306 1125 464 1190; x_wconf 91' lang='lat' dir='ltr'>rationem</span> <span class='ocrx_word' id='word_1_66' title='bbox 488 1129 627 1206; x_wconf 93' lang='lat' dir='ltr'>oportet.</span> <span class='ocrx_word' id='word_1_67' title='bbox 674 1125 827 1207; x_wconf 91' lang='lat' dir='ltr'>Aperiam</span> <span class='ocrx_word' id='word_1_68' title='bbox 855 1125 1001 1207; x_wconf 81' lang='lat' dir='ltr'>exemplo</span> <span class='ocrx_word' id='word_1_69' title='bbox 1030 1143 1093 1208; x_wconf 90' lang='lat' dir='ltr'>qua</span> <span class='ocrx_word' id='word_1_70' title='bbox 1121 1125 1154 1190; x_wconf 91' lang='lat' dir='ltr'>iu</span> <span class='ocrx_word' id='word_1_71' title='bbox 1178 1123 1285 1190; x_wconf 91' lang='lat' dir='ltr'>condi·</span> 
     </span>
     <span class='ocr_line' id='line_1_10' title="bbox 58 1231 1285 1315; baseline -0.002 -17"><span class='ocrx_word' id='word_1_72' title='bbox 58 1235 149 1300; x_wconf 92' lang='lat' dir='ltr'>cione</span> <span class='ocrx_word' id='word_1_73' title='bbox 176 1251 228 1298; x_wconf 89' lang='lat' dir='ltr'>res</span> <span class='ocrx_word' id='word_1_74' title='bbox 251 1237 406 1298; x_wconf 88' lang='lat' dir='ltr'>versetur.</span> <span class='ocrx_word' id='word_1_75' title='bbox 445 1231 590 1296; x_wconf 90' lang='lat' dir='ltr'>Platonis</span> <span class='ocrx_word' id='word_1_76' title='bbox 613 1231 680 1297; x_wconf 89' lang='lat' dir='ltr'>vita</span> <span class='ocrx_word' id='word_1_77' title='bbox 697 1233 819 1298; x_wconf 89' lang='lat' dir='ltr'>Laertii</span> <span class='ocrx_word' id='word_1_78' title='bbox 840 1233 980 1299; x_wconf 89' lang='lat' dir='ltr'>omnium</span> <span class='ocrx_word' id='word_1_79' title='bbox 1003 1237 1162 1315; x_wconf 88' lang='lat' dir='ltr'>quotquot</span> <span class='ocrx_word' id='word_1_80' title='bbox 1185 1231 1285 1314; x_wconf 90' lang='lat' dir='ltr'>scrip·</span> 
     </span>
     <span class='ocr_line' id='line_1_11' title="bbox 58 1338 1286 1424; baseline -0.001 -19"><span class='ocrx_word' id='word_1_81' title='bbox 58 1343 99 1406; x_wconf 88' lang='lat' dir='ltr'>sit</span> <span class='ocrx_word' id='word_1_82' title='bbox 115 1359 220 1423; x_wconf 88' lang='lat' dir='ltr'>paene</span> <span class='ocrx_word' id='word_1_83' title='bbox 237 1345 286 1404; x_wconf 91' lang='lat' dir='ltr'>est</span> <span class='ocrx_word' id='word_1_84' title='bbox 309 1339 502 1404; x_wconf 90' lang='lat' dir='ltr'>doctissima.</span> <span class='ocrx_word' id='word_1_85' title='bbox 542 1339 591 1403; x_wconf 90' lang='lat' dir='ltr'>De</span> <span class='ocrx_word' id='word_1_86' title='bbox 615 1338 703 1406; x_wconf 91' lang='lat' dir='ltr'>fonte</span> <span class='ocrx_word' id='word_1_87' title='bbox 724 1340 788 1423; x_wconf 89' lang='lat' dir='ltr'>[vel</span> <span class='ocrx_word' id='word_1_88' title='bbox 812 1339 969 1424; x_wconf 84' lang='lat' dir='ltr'>tontibus]</span> <span class='ocrx_word' id='word_1_89' title='bbox 993 1340 1146 1422; x_wconf 90' lang='lat' dir='ltr'>primario</span> <span class='ocrx_word' id='word_1_90' title='bbox 1162 1338 1286 1404; x_wconf 91' lang='lat' dir='ltr'>indubii</span> 
     </span>
     <span class='ocr_line' id='line_1_12' title="bbox 58 1445 1285 1530; baseline -0.002 -18"><span class='ocrx_word' id='word_1_91' title='bbox 58 1448 216 1512; x_wconf 91' lang='lat' dir='ltr'>nihildum</span> <span class='ocrx_word' id='word_1_92' title='bbox 235 1446 327 1512; x_wconf 92' lang='lat' dir='ltr'>nobis</span> <span class='ocrx_word' id='word_1_93' title='bbox 352 1465 390 1512; x_wconf 88' lang='lat' dir='ltr'>ex</span> <span class='ocrx_word' id='word_1_94' title='bbox 413 1447 453 1510; x_wconf 91' lang='lat' dir='ltr'>iis</span> <span class='ocrx_word' id='word_1_95' title='bbox 470 1465 552 1528; x_wconf 89' lang='lat' dir='ltr'>quae</span> <span class='ocrx_word' id='word_1_96' title='bbox 568 1447 713 1512; x_wconf 85' lang='lat' dir='ltr'>adsecuti</span> <span class='ocrx_word' id='word_1_97' title='bbox 730 1465 839 1512; x_wconf 93' lang='lat' dir='ltr'>sumus</span> <span class='ocrx_word' id='word_1_98' title='bbox 862 1447 939 1512; x_wconf 91' lang='lat' dir='ltr'>licet</span> <span class='ocrx_word' id='word_1_99' title='bbox 956 1445 1153 1528; x_wconf 89' lang='lat' dir='ltr'>concludere,</span> <span class='ocrx_word' id='word_1_100' title='bbox 1175 1463 1285 1530; x_wconf 91' lang='lat' dir='ltr'>quam-</span> 
     </span>
     <span class='ocr_line' id='line_1_13' title="bbox 59 1553 1286 1636; baseline 0 -16"><span class='ocrx_word' id='word_1_101' title='bbox 59 1555 106 1620; x_wconf 77' lang='lat' dir='ltr'>ris</span> <span class='ocrx_word' id='word_1_102' title='bbox 135 1561 172 1618; x_wconf 93' lang='lat' dir='ltr'>et</span> <span class='ocrx_word' id='word_1_103' title='bbox 199 1553 295 1618; x_wconf 82' lang='lat' dir='ltr'>index</span> <span class='ocrx_word' id='word_1_104' title='bbox 318 1553 488 1618; x_wconf 89' lang='lat' dir='ltr'>Platouum</span> <span class='ocrx_word' id='word_1_105' title='bbox 514 1553 557 1618; x_wconf 89' lang='lat' dir='ltr'>sit</span> <span class='ocrx_word' id='word_1_106' title='bbox 579 1553 730 1620; x_wconf 85' lang='lat' dir='ltr'>Favorini</span> <span class='ocrx_word' id='word_1_107' title='bbox 754 1553 921 1636; x_wconf 85' lang='lat' dir='ltr'>eidemque</span> <span class='ocrx_word' id='word_1_108' title='bbox 950 1553 1109 1636; x_wconf 85' lang='lat' dir='ltr'>fragmina</span> <span class='ocrx_word' id='word_1_109' title='bbox 1131 1554 1286 1620; x_wconf 90' lang='lat' dir='ltr'>nonnulla</span> 
     </span>
     <span class='ocr_line' id='line_1_14' title="bbox 60 1659 1285 1742; baseline 0.002 -18"><span class='ocrx_word' id='word_1_110' title='bbox 60 1661 181 1725; x_wconf 89' lang='lat' dir='ltr'>diserte</span> <span class='ocrx_word' id='word_1_111' title='bbox 206 1665 263 1724; x_wconf 87' lang='lat' dir='ltr'>aut</span> <span class='ocrx_word' id='word_1_112' title='bbox 286 1659 415 1724; x_wconf 89' lang='lat' dir='ltr'>addicta</span> <span class='ocrx_word' id='word_1_113' title='bbox 439 1659 504 1725; x_wconf 92' lang='lat' dir='ltr'>sint</span> <span class='ocrx_word' id='word_1_114' title='bbox 533 1665 589 1725; x_wconf 90' lang='lat' dir='ltr'>aut</span> <span class='ocrx_word' id='word_1_115' title='bbox 612 1661 798 1742; x_wconf 90' lang='lat' dir='ltr'>addicenda,</span> <span class='ocrx_word' id='word_1_116' title='bbox 823 1661 912 1727; x_wconf 89' lang='lat' dir='ltr'>velut</span> <span class='ocrx_word' id='word_1_117' title='bbox 934 1661 1118 1726; x_wconf 86' lang='lat' dir='ltr'>Aristoxeni</span> <span class='ocrx_word' id='word_1_118' title='bbox 1141 1662 1285 1726; x_wconf 89' lang='lat' dir='ltr'>testimo·</span> 
     </span>
     <span class='ocr_line' id='line_1_15' title="bbox 60 1765 1284 1850; baseline 0.002 -20"><span class='ocrx_word' id='word_1_119' title='bbox 60 1767 155 1832; x_wconf 93' lang='lat' dir='ltr'>uium.</span> <span class='ocrx_word' id='word_1_120' title='bbox 197 1765 305 1831; x_wconf 89' lang='lat' dir='ltr'>Nihilo</span> <span class='ocrx_word' id='word_1_121' title='bbox 329 1773 437 1831; x_wconf 88' lang='lat' dir='ltr'>tamen</span> <span class='ocrx_word' id='word_1_122' title='bbox 453 1768 556 1832; x_wconf 91' lang='lat' dir='ltr'>minus</span> <span class='ocrx_word' id='word_1_123' title='bbox 580 1787 643 1832; x_wconf 93' lang='lat' dir='ltr'>non</span> <span class='ocrx_word' id='word_1_124' title='bbox 667 1767 855 1833; x_wconf 88' lang='lat' dir='ltr'>audebimus</span> <span class='ocrx_word' id='word_1_125' title='bbox 874 1769 971 1833; x_wconf 91' lang='lat' dir='ltr'>etiarn</span> <span class='ocrx_word' id='word_1_126' title='bbox 995 1768 1191 1850; x_wconf 85' lang='lat' dir='ltr'>Antigonum</span> <span class='ocrx_word' id='word_1_127' title='bbox 1207 1767 1225 1850; x_wconf 65' lang='grc' dir='ltr'><strong>ξ</strong></span> <span class='ocrx_word' id='word_1_128' title='bbox 1243 1769 1284 1832; x_wconf 88' lang='grc'>68</span> 
     </span>
     <span class='ocr_line' id='line_1_16' title="bbox 62 1871 1284 1958; baseline 0.001 -20"><span class='ocrx_word' id='word_1_129' title='bbox 62 1873 270 1939; x_wconf 80' lang='lat' dir='ltr'>Aristotelem</span> <span class='ocrx_word' id='word_1_130' title='bbox 294 1873 313 1956; x_wconf 64' lang='grc' dir='ltr'><strong>ξ</strong></span> <span class='ocrx_word' id='word_1_131' title='bbox 336 1873 377 1937; x_wconf 81' lang='lat'>37</span> <span class='ocrx_word' id='word_1_132' title='bbox 403 1879 463 1938; x_wconf 87' lang='lat' dir='ltr'>etc.</span> <span class='ocrx_word' id='word_1_133' title='bbox 493 1874 605 1938; x_wconf 90' lang='lat' dir='ltr'>eoderu</span> <span class='ocrx_word' id='word_1_134' title='bbox 634 1871 820 1954; x_wconf 85' lang='lat' dir='ltr'>transferre,</span> <span class='ocrx_word' id='word_1_135' title='bbox 851 1875 1001 1958; x_wconf 92' lang='lat' dir='ltr'>quoniam</span> <span class='ocrx_word' id='word_1_136' title='bbox 1029 1875 1113 1940; x_wconf 90' lang='lat' dir='ltr'>iuter</span> <span class='ocrx_word' id='word_1_137' title='bbox 1136 1878 1284 1939; x_wconf 90' lang='lat' dir='ltr'>auctores</span> 
     </span>
     <span class='ocr_line' id='line_1_17' title="bbox 61 1977 1284 2046; baseline 0.002 -2"><span class='ocrx_word' id='word_1_138' title='bbox 61 1977 212 2046; x_wconf 89' lang='lat' dir='ltr'>Favorini</span> <span class='ocrx_word' id='word_1_139' title='bbox 228 1979 367 2046; x_wconf 89' lang='lat' dir='ltr'>usitatos</span> <span class='ocrx_word' id='word_1_140' title='bbox 388 1985 463 2046; x_wconf 90' lang='lat' dir='ltr'>sunt</span> <span class='ocrx_word' id='word_1_141' title='bbox 479 1981 676 2046; x_wconf 90' lang='lat' dir='ltr'>numerandi.</span> <span class='ocrx_word' id='word_1_142' title='bbox 694 2017 738 2028; x_wconf 92' lang='lat'>—</span> <span class='ocrx_word' id='word_1_143' title='bbox 754 1982 796 2045; x_wconf 96' lang='lat' dir='ltr'>At</span> <span class='ocrx_word' id='word_1_144' title='bbox 820 1982 903 2046; x_wconf 91' lang='lat' dir='ltr'>unde</span> <span class='ocrx_word' id='word_1_145' title='bbox 927 1981 1020 2046; x_wconf 90' lang='lat' dir='ltr'>huius</span> <span class='ocrx_word' id='word_1_146' title='bbox 1041 1981 1089 2045; x_wconf 93' lang='lat' dir='ltr'>rei</span> <span class='ocrx_word' id='word_1_147' title='bbox 1113 1981 1284 2046; x_wconf 89' lang='lat' dir='ltr'>discrimen</span> 
     </span>
     <span class='ocr_line' id='line_1_18' title="bbox 62 2085 1284 2170; baseline 0.002 -19"><span class='ocrx_word' id='word_1_148' title='bbox 62 2087 234 2169; x_wconf 86' lang='lat' dir='ltr'>petendum</span> <span class='ocrx_word' id='word_1_149' title='bbox 259 2089 330 2154; x_wconf 77' lang='lat' dir='ltr'>esti</span> <span class='ocrx_word' id='word_1_150' title='bbox 378 2087 466 2165; x_wconf 86' lang='lat' dir='ltr'>Quae</span> <span class='ocrx_word' id='word_1_151' title='bbox 495 2085 536 2152; x_wconf 88' lang='lat' dir='ltr'>ad</span> <span class='ocrx_word' id='word_1_152' title='bbox 564 2087 643 2152; x_wconf 92' lang='lat' dir='ltr'>illud</span> <span class='ocrx_word' id='word_1_153' title='bbox 672 2093 708 2154; x_wconf 88' lang='lat' dir='ltr'>ut</span> <span class='ocrx_word' id='word_1_154' title='bbox 735 2087 943 2170; x_wconf 88' lang='lat' dir='ltr'>perveniatur</span> <span class='ocrx_word' id='word_1_155' title='bbox 967 2088 1165 2154; x_wconf 84' lang='lat' dir='ltr'>extrinsecus</span> <span class='ocrx_word' id='word_1_156' title='bbox 1189 2087 1284 2154; x_wconf 90' lang='lat' dir='ltr'>advo·</span> 
     </span>
     <span class='ocr_line' id='line_1_19' title="bbox 63 2192 1031 2264; baseline 0.004 -4"><span class='ocrx_word' id='word_1_157' title='bbox 63 2195 162 2260; x_wconf 89' lang='lat' dir='ltr'>canda</span> <span class='ocrx_word' id='word_1_158' title='bbox 185 2199 262 2260; x_wconf 88' lang='lat' dir='ltr'>sunt</span> <span class='ocrx_word' id='word_1_159' title='bbox 284 2192 449 2260; x_wconf 83' lang='lat' dir='ltr'>subsidia?</span> <span class='ocrx_word' id='word_1_160' title='bbox 1024 2253 1031 2264; x_wconf 91' lang='lat'>.</span> 
     </span>
    </p>

    <p class='ocr_par' dir='ltr' id='par_1_3' title="bbox 62 2300 1285 3454">
     <span class='ocr_line' id='line_1_20' title="bbox 150 2300 1285 2386; baseline 0.001 -19"><span class='ocrx_word' id='word_1_161' title='bbox 150 2301 331 2383; x_wconf 88' lang='lat' dir='ltr'>Supersunt</span> <span class='ocrx_word' id='word_1_162' title='bbox 353 2301 617 2386; x_wconf 89' lang='lat' dir='ltr'>philosophorum</span> <span class='ocrx_word' id='word_1_163' title='bbox 632 2301 718 2368; x_wconf 89' lang='lat' dir='ltr'>vitae</span> <span class='ocrx_word' id='word_1_164' title='bbox 741 2305 871 2383; x_wconf 89' lang='lat' dir='ltr'>praeter</span> <span class='ocrx_word' id='word_1_165' title='bbox 886 2300 1077 2368; x_wconf 88' lang='lat' dir='ltr'>Laertiauas</span> <span class='ocrx_word' id='word_1_166' title='bbox 1093 2301 1186 2382; x_wconf 89' lang='lat' dir='ltr'>aliae,</span> <span class='ocrx_word' id='word_1_167' title='bbox 1211 2321 1285 2386; x_wconf 91' lang='lat' dir='ltr'>par-</span> 
     </span>
     <span class='ocr_line' id='line_1_21' title="bbox 63 2407 1285 2492; baseline 0.002 -21"><span class='ocrx_word' id='word_1_168' title='bbox 63 2408 118 2472; x_wconf 91' lang='lat' dir='ltr'>tim</span> <span class='ocrx_word' id='word_1_169' title='bbox 141 2407 379 2490; x_wconf 80' lang='lat' dir='ltr'>prolegomenis</span> <span class='ocrx_word' id='word_1_170' title='bbox 400 2409 491 2474; x_wconf 86' lang='lat' dir='ltr'>velut</span> <span class='ocrx_word' id='word_1_171' title='bbox 519 2409 551 2475; x_wconf 94' lang='lat' dir='ltr'>in</span> <span class='ocrx_word' id='word_1_172' title='bbox 575 2409 774 2476; x_wconf 89' lang='lat' dir='ltr'>Platonicam</span> <span class='ocrx_word' id='word_1_173' title='bbox 798 2407 1099 2492; x_wconf 88' lang='lat' dir='ltr'>Aristotelicamque</span> <span class='ocrx_word' id='word_1_174' title='bbox 1123 2407 1285 2492; x_wconf 87' lang='lat' dir='ltr'>praefixae</span> 
     </span>
     <span class='ocr_line' id='line_1_22' title="bbox 62 2513 1284 2600; baseline 0.003 -22"><span class='ocrx_word' id='word_1_175' title='bbox 62 2513 298 2596; x_wconf 86' lang='lat' dir='ltr'>philosophiam</span> <span class='ocrx_word' id='word_1_176' title='bbox 329 2517 396 2582; x_wconf 88' lang='lat' dir='ltr'>sive</span> <span class='ocrx_word' id='word_1_177' title='bbox 424 2517 581 2598; x_wconf 87' lang='lat' dir='ltr'>insertae,</span> <span class='ocrx_word' id='word_1_178' title='bbox 611 2517 729 2598; x_wconf 88' lang='lat' dir='ltr'>partim</span> <span class='ocrx_word' id='word_1_179' title='bbox 760 2535 904 2581; x_wconf 91' lang='lat' dir='ltr'>seorsum</span> <span class='ocrx_word' id='word_1_180' title='bbox 932 2515 1054 2596; x_wconf 91' lang='lat' dir='ltr'>editae,</span> <span class='ocrx_word' id='word_1_181' title='bbox 1086 2517 1222 2600; x_wconf 91' lang='lat' dir='ltr'>denique</span> <span class='ocrx_word' id='word_1_182' title='bbox 1250 2517 1284 2582; x_wconf 94' lang='lat' dir='ltr'>in</span> 
     </span>
     <span class='ocr_line' id='line_1_23' title="bbox 63 2619 1284 2706; baseline 0.003 -22"><span class='ocrx_word' id='word_1_183' title='bbox 63 2619 180 2685; x_wconf 85' lang='lat' dir='ltr'>Suidae</span> <span class='ocrx_word' id='word_1_184' title='bbox 206 2621 331 2687; x_wconf 85' lang='lat' dir='ltr'>lexicon</span> <span class='ocrx_word' id='word_1_185' title='bbox 360 2629 519 2705; x_wconf 90' lang='lat' dir='ltr'>receptae.</span> <span class='ocrx_word' id='word_1_186' title='bbox 567 2623 729 2706; x_wconf 84' lang='lat' dir='ltr'>Excerpta</span> <span class='ocrx_word' id='word_1_187' title='bbox 756 2623 912 2688; x_wconf 88' lang='lat' dir='ltr'>accedunt</span> <span class='ocrx_word' id='word_1_188' title='bbox 934 2623 1078 2706; x_wconf 88' lang='lat' dir='ltr'>pretiosa</span> <span class='ocrx_word' id='word_1_189' title='bbox 1102 2623 1187 2704; x_wconf 91' lang='lat' dir='ltr'>apud</span> <span class='ocrx_word' id='word_1_190' title='bbox 1211 2641 1284 2687; x_wconf 94' lang='lat' dir='ltr'>con-</span> 
     </span>
     <span class='ocr_line' id='line_1_24' title="bbox 62 2727 1283 2813; baseline 0.004 -22"><span class='ocrx_word' id='word_1_191' title='bbox 62 2727 279 2794; x_wconf 85' lang='lat' dir='ltr'>iectaneorum</span> <span class='ocrx_word' id='word_1_192' title='bbox 291 2730 466 2810; x_wconf 92' lang='lat' dir='ltr'>scriptores</span> <span class='ocrx_word' id='word_1_193' title='bbox 479 2727 617 2796; x_wconf 89' lang='lat' dir='ltr'>Gellium</span> <span class='ocrx_word' id='word_1_194' title='bbox 630 2729 825 2796; x_wconf 86' lang='lat' dir='ltr'>Clementem</span> <span class='ocrx_word' id='word_1_195' title='bbox 837 2731 1007 2813; x_wconf 84' lang='lat' dir='ltr'>Apuleium</span> <span class='ocrx_word' id='word_1_196' title='bbox 1016 2729 1208 2796; x_wconf 87' lang='lat' dir='ltr'>Numenium</span> <span class='ocrx_word' id='word_1_197' title='bbox 1224 2735 1283 2796; x_wconf 93' lang='lat' dir='ltr'>etc.</span> 
     </span>
     <span class='ocr_line' id='line_1_25' title="bbox 63 2833 1284 2918; baseline 0.002 -19"><span class='ocrx_word' id='word_1_198' title='bbox 63 2833 164 2900; x_wconf 91' lang='lat' dir='ltr'>Hodie</span> <span class='ocrx_word' id='word_1_199' title='bbox 193 2833 274 2900; x_wconf 92' lang='lat' dir='ltr'>haec</span> <span class='ocrx_word' id='word_1_200' title='bbox 303 2833 503 2902; x_wconf 86' lang='lat' dir='ltr'>omniafere</span> <span class='ocrx_word' id='word_1_201' title='bbox 532 2841 787 2902; x_wconf 90' lang='lat' dir='ltr'>contemnuntur.</span> <span class='ocrx_word' id='word_1_202' title='bbox 837 2837 881 2901; x_wconf 93' lang='lat' dir='ltr'>At</span> <span class='ocrx_word' id='word_1_203' title='bbox 907 2855 966 2901; x_wconf 90' lang='lat' dir='ltr'>nec</span> <span class='ocrx_word' id='word_1_204' title='bbox 991 2836 1142 2918; x_wconf 90' lang='lat' dir='ltr'>pusillum</span> <span class='ocrx_word' id='word_1_205' title='bbox 1172 2843 1223 2904; x_wconf 91' lang='lat' dir='ltr'>est</span> <span class='ocrx_word' id='word_1_206' title='bbox 1251 2838 1284 2902; x_wconf 94' lang='lat' dir='ltr'>in</span> 
     </span>
     <span class='ocr_line' id='line_1_26' title="bbox 64 2941 1284 3025; baseline 0.003 -20"><span class='ocrx_word' id='word_1_207' title='bbox 64 2947 131 3006; x_wconf 88' lang='lat' dir='ltr'>arte</span> <span class='ocrx_word' id='word_1_208' title='bbox 163 2947 276 3007; x_wconf 90' lang='lat' dir='ltr'>nostra</span> <span class='ocrx_word' id='word_1_209' title='bbox 311 2941 497 3025; x_wconf 85' lang='lat' dir='ltr'>quidquam,</span> <span class='ocrx_word' id='word_1_210' title='bbox 535 2947 568 3007; x_wconf 90' lang='lat' dir='ltr'>et</span> <span class='ocrx_word' id='word_1_211' title='bbox 596 2943 638 3008; x_wconf 91' lang='lat' dir='ltr'>ad</span> <span class='ocrx_word' id='word_1_212' title='bbox 668 2943 847 3008; x_wconf 87' lang='lat' dir='ltr'>universam</span> <span class='ocrx_word' id='word_1_213' title='bbox 880 2943 1062 3008; x_wconf 90' lang='lat' dir='ltr'>litterarum</span> <span class='ocrx_word' id='word_1_214' title='bbox 1097 2962 1284 3025; x_wconf 86' lang='lat' dir='ltr'>graecarum</span> 
     </span>
     <span class='ocr_line' id='line_1_27' title="bbox 62 3047 1284 3132; baseline 0.005 -22"><span class='ocrx_word' id='word_1_215' title='bbox 62 3047 243 3128; x_wconf 89' lang='lat' dir='ltr'>historiam,</span> <span class='ocrx_word' id='word_1_216' title='bbox 275 3047 392 3114; x_wconf 93' lang='lat' dir='ltr'>nedum</span> <span class='ocrx_word' id='word_1_217' title='bbox 421 3049 462 3115; x_wconf 91' lang='lat' dir='ltr'>ad</span> <span class='ocrx_word' id='word_1_218' title='bbox 485 3049 608 3116; x_wconf 88' lang='lat' dir='ltr'>Laertii</span> <span class='ocrx_word' id='word_1_219' title='bbox 633 3051 896 3131; x_wconf 90' lang='lat' dir='ltr'>compositionem</span> <span class='ocrx_word' id='word_1_220' title='bbox 922 3051 1175 3132; x_wconf 89' lang='lat' dir='ltr'>pernoscendam</span> <span class='ocrx_word' id='word_1_221' title='bbox 1199 3070 1284 3116; x_wconf 88' lang='lat' dir='ltr'>sum·</span> 
     </span>
     <span class='ocr_line' id='line_1_28' title="bbox 65 3155 1283 3240; baseline 0.003 -22"><span class='ocrx_word' id='word_1_222' title='bbox 65 3173 146 3220; x_wconf 92' lang='lat' dir='ltr'>mam</span> <span class='ocrx_word' id='word_1_223' title='bbox 170 3155 320 3221; x_wconf 87' lang='lat' dir='ltr'>adferunt</span> <span class='ocrx_word' id='word_1_224' title='bbox 342 3155 390 3220; x_wconf 90' lang='lat' dir='ltr'>illi</span> <span class='ocrx_word' id='word_1_225' title='bbox 406 3157 593 3222; x_wconf 89' lang='lat' dir='ltr'>utilitatem:</span> <span class='ocrx_word' id='word_1_226' title='bbox 618 3157 652 3222; x_wconf 93' lang='lat' dir='ltr'>id</span> <span class='ocrx_word' id='word_1_227' title='bbox 675 3158 760 3239; x_wconf 92' lang='lat' dir='ltr'>quod</span> <span class='ocrx_word' id='word_1_228' title='bbox 782 3157 926 3237; x_wconf 89' lang='lat' dir='ltr'>habebis,</span> <span class='ocrx_word' id='word_1_229' title='bbox 950 3175 1022 3222; x_wconf 92' lang='lat' dir='ltr'>mea</span> <span class='ocrx_word' id='word_1_230' title='bbox 1045 3159 1072 3222; x_wconf 91' lang='lat' dir='ltr'>si</span> <span class='ocrx_word' id='word_1_231' title='bbox 1095 3157 1283 3240; x_wconf 78' lang='lat' dir='ltr'>perlegeris,</span> 
     </span>
     <span class='ocr_line' id='line_1_29' title="bbox 66 3259 1285 3347; baseline 0.003 -23"><span class='ocrx_word' id='word_1_232' title='bbox 66 3259 237 3342; x_wconf 87' lang='lat' dir='ltr'>Operosam</span> <span class='ocrx_word' id='word_1_233' title='bbox 268 3269 301 3329; x_wconf 93' lang='lat' dir='ltr'>et</span> <span class='ocrx_word' id='word_1_234' title='bbox 332 3263 458 3328; x_wconf 89' lang='lat' dir='ltr'>deviam</span> <span class='ocrx_word' id='word_1_235' title='bbox 485 3263 566 3329; x_wconf 90' lang='lat' dir='ltr'>haec</span> <span class='ocrx_word' id='word_1_236' title='bbox 594 3263 781 3329; x_wconf 89' lang='lat' dir='ltr'>desiderant</span> <span class='ocrx_word' id='word_1_237' title='bbox 804 3264 1074 3347; x_wconf 90' lang='lat' dir='ltr'>disquisitionem:</span> <span class='ocrx_word' id='word_1_238' title='bbox 1106 3269 1141 3330; x_wconf 90' lang='lat' dir='ltr'>at</span> <span class='ocrx_word' id='word_1_239' title='bbox 1164 3265 1191 3330; x_wconf 90' lang='lat' dir='ltr'>si</span> <span class='ocrx_word' id='word_1_240' title='bbox 1214 3269 1285 3329; x_wconf 91' lang='lat' dir='ltr'>tan·</span> 
     </span>
     <span class='ocr_line' id='line_1_30' title="bbox 68 3369 927 3454; baseline 0.007 -24"><span class='ocrx_word' id='word_1_241' title='bbox 68 3375 131 3433; x_wconf 89' lang='lat' dir='ltr'>tum</span> <span class='ocrx_word' id='word_1_242' title='bbox 154 3369 307 3438; x_wconf 90' lang='lat' dir='ltr'>habitura</span> <span class='ocrx_word' id='word_1_243' title='bbox 330 3371 374 3438; x_wconf 90' lang='lat' dir='ltr'>sit</span> <span class='ocrx_word' id='word_1_244' title='bbox 398 3389 588 3452; x_wconf 90' lang='lat' dir='ltr'>successum,</span> <span class='ocrx_word' id='word_1_245' title='bbox 613 3373 685 3454; x_wconf 90' lang='lat' dir='ltr'>quis</span> <span class='ocrx_word' id='word_1_246' title='bbox 709 3371 927 3438; x_wconf 80' lang='lat' dir='ltr'>detrectabit?</span> 
     </span>
    </p>
   </div>
   <div class='ocr_carea' id='block_1_3' title="bbox 444 3557 900 3759">
    <p class='ocr_par' dir='ltr' id='par_1_4' title="bbox 444 3557 900 3759">
     <span class='ocr_line' id='line_1_31' title="bbox 501 3557 850 3634; baseline 0.014 -5"><span class='ocrx_word' id='word_1_247' title='bbox 501 3565 524 3631; x_wconf 88' lang='grc'>1.</span> <span class='ocrx_word' id='word_1_248' title='bbox 559 3557 604 3633; x_wconf 73' lang='lat' dir='ltr'>lle&#39;</span> <span class='ocrx_word' id='word_1_249' title='bbox 624 3565 756 3632; x_wconf 79' lang='lat' dir='ltr'>Platonis</span> <span class='ocrx_word' id='word_1_250' title='bbox 780 3566 850 3634; x_wconf 84' lang='lat' dir='ltr'>rita</span> 
     </span>
     <span class='ocr_line' id='line_1_32' title="bbox 444 3685 900 3759; baseline 0.002 -13"><span class='ocrx_word' id='word_1_251' title='bbox 444 3685 477 3758; x_wconf 85' lang='lat' dir='ltr'>a)</span> <span class='ocrx_word' id='word_1_252' title='bbox 502 3689 546 3746; x_wconf 84' lang='lat' dir='ltr'>be</span> <span class='ocrx_word' id='word_1_253' title='bbox 565 3687 693 3759; x_wconf 85' lang='lat' dir='ltr'>Apuleio</span> <span class='ocrx_word' id='word_1_254' title='bbox 712 3689 744 3745; x_wconf 83' lang='lat' dir='ltr'>et</span> <span class='ocrx_word' id='word_1_255' title='bbox 762 3689 900 3747; x_wconf 80' lang='lat' dir='ltr'>Laertio.</span> 
     </span>
    </p>
   </div>
   <div class='ocr_carea' id='block_1_4' title="bbox 72 3797 1285 3988">
    <p class='ocr_par' dir='ltr' id='par_1_5' title="bbox 72 3797 1285 3988">
     <span class='ocr_line' id='line_1_33' title="bbox 153 3797 1285 3880; baseline 0.003 -19"><span class='ocrx_word' id='word_1_256' title='bbox 153 3797 235 3863; x_wconf 87' lang='lat' dir='ltr'>Ante</span> <span class='ocrx_word' id='word_1_257' title='bbox 263 3797 429 3862; x_wconf 90' lang='lat' dir='ltr'>Laertium</span> <span class='ocrx_word' id='word_1_258' title='bbox 459 3797 498 3861; x_wconf 90' lang='lat' dir='ltr'>de</span> <span class='ocrx_word' id='word_1_259' title='bbox 526 3797 662 3861; x_wconf 90' lang='lat' dir='ltr'>Platone</span> <span class='ocrx_word' id='word_1_260' title='bbox 691 3797 823 3880; x_wconf 91' lang='lat' dir='ltr'>eiusque</span> <span class='ocrx_word' id='word_1_261' title='bbox 854 3797 1004 3879; x_wconf 86' lang='lat' dir='ltr'>dogmate</span> <span class='ocrx_word' id='word_1_262' title='bbox 1032 3797 1125 3862; x_wconf 91' lang='lat' dir='ltr'>docte</span> <span class='ocrx_word' id='word_1_263' title='bbox 1155 3798 1285 3879; x_wconf 89' lang='lat' dir='ltr'>scripsit</span> 
     </span>
     <span class='ocr_line' id='line_1_34' title="bbox 72 3901 1285 3988; baseline 0.007 -25"><span class='ocrx_word' id='word_1_264' title='bbox 72 3901 217 3982; x_wconf 91' lang='lat' dir='ltr'>Apuleius</span> <span class='ocrx_word' id='word_1_265' title='bbox 241 3903 304 3988; x_wconf 85' lang='lat' dir='ltr'>[ecl.</span> <span class='ocrx_word' id='word_1_266' title='bbox 324 3903 527 3969; x_wconf 91' lang='lat' dir='ltr'>Goldbacher</span> <span class='ocrx_word' id='word_1_267' title='bbox 550 3923 580 3985; x_wconf 90' lang='lat' dir='ltr'>p.</span> <span class='ocrx_word' id='word_1_268' title='bbox 604 3903 644 3967; x_wconf 88' lang='lat'>63</span> <span class='ocrx_word' id='word_1_269' title='bbox 667 3903 761 3987; x_wconf 88' lang='lat' dir='ltr'>eqq.],</span> <span class='ocrx_word' id='word_1_270' title='bbox 786 3921 823 3969; x_wconf 92' lang='lat' dir='ltr'>ac</span> <span class='ocrx_word' id='word_1_271' title='bbox 847 3905 984 3986; x_wconf 91' lang='lat' dir='ltr'>primum</span> <span class='ocrx_word' id='word_1_272' title='bbox 1009 3903 1137 3987; x_wconf 90' lang='lat' dir='ltr'>quidem</span> <span class='ocrx_word' id='word_1_273' title='bbox 1156 3904 1195 3969; x_wconf 93' lang='lat' dir='ltr'>de</span> <span class='ocrx_word' id='word_1_274' title='bbox 1218 3905 1285 3972; x_wconf 84' lang='lat' dir='ltr'>vita</span> 
     </span>
    </p>
   </div>
   <div class='ocr_carea' id='block_1_5' title="bbox 140 4112 1285 4190">
    <p class='ocr_par' dir='ltr' id='par_1_6' title="bbox 140 4112 1285 4190">
     <span class='ocr_line' id='line_1_35' title="bbox 140 4112 1285 4190; baseline 0 -20"><span class='ocrx_word' id='word_1_275' title='bbox 140 4112 179 4184; x_wconf 68' lang='grc' dir='ltr'>ὃ4)</span> <span class='ocrx_word' id='word_1_276' title='bbox 195 4115 382 4172; x_wconf 83' lang='lat' dir='ltr'>Erasistratus</span> <span class='ocrx_word' id='word_1_277' title='bbox 395 4119 423 4170; x_wconf 88' lang='lat' dir='ltr'>ct</span> <span class='ocrx_word' id='word_1_278' title='bbox 437 4113 617 4186; x_wconf 84' lang='lat' dir='ltr'>Theophanes</span> <span class='ocrx_word' id='word_1_279' title='bbox 635 4115 663 4170; x_wconf 92' lang='lat' dir='ltr'>iu</span> <span class='ocrx_word' id='word_1_280' title='bbox 682 4115 745 4172; x_wconf 88' lang='lat' dir='ltr'>ritis</span> <span class='ocrx_word' id='word_1_281' title='bbox 757 4132 895 4187; x_wconf 88' lang='lat' dir='ltr'>nunquam</span> <span class='ocrx_word' id='word_1_282' title='bbox 908 4116 1062 4174; x_wconf 83' lang='lat' dir='ltr'>excitantur</span> <span class='ocrx_word' id='word_1_283' title='bbox 1080 4116 1127 4188; x_wconf 89' lang='lat' dir='ltr'>[cl.</span> <span class='ocrx_word' id='word_1_284' title='bbox 1139 4135 1165 4188; x_wconf 92' lang='lat' dir='ltr'>p.</span> <span class='ocrx_word' id='word_1_285' title='bbox 1178 4121 1212 4176; x_wconf 82' lang='lat'>45</span> <span class='ocrx_word' id='word_1_286' title='bbox 1226 4119 1285 4190; x_wconf 89' lang='lat' dir='ltr'>sq.].</span> 
     </span>
    </p>
   </div>
   <div class='ocr_carea' id='block_1_6' title="bbox 0 0 1518 4866">
    <p class='ocr_par' dir='ltr' id='par_1_7' title="bbox 0 0 1518 4866">
     <span class='ocr_line' id='line_1_36' title="bbox 0 0 1518 4866; baseline 0 0"><span class='ocrx_word' id='word_1_287' title='bbox 0 0 1518 4866; x_wconf 95' lang='lat' dir='ltr'> </span> 
     </span>
    </p>
   </div>
  </div>
 </body>
</html>
