3016 4858
1218 224 1280 286 147

56 401 130 467 dem
143 401 184 466 de
196 419 295 467 causa
306 399 427 468 totiens
441 399 592 467 Favorini
603 417 719 466 nomen
729 399 847 483 posuit,
866 399 894 465 si
906 399 1014 464 omnia
1025 417 1063 464 ex
1076 416 1113 464 eo
1126 400 1283 488 sumpsit?

56 527 114 574 cur
130 527 196 574 non
213 508 327 576 eodem
342 508 516 591 modoque
534 506 643 589 ceteri,
661 523 742 590 quos
759 504 880 572 eisdem
896 504 1038 572 tontibus
1055 524 1132 572 usos
1145 523 1216 571 esse
1229 505 1283 570 de-

55 615 257 696 monstrasti,
282 613 401 682 lurtum
425 615 563 682 celavit?
600 614 712 697 paucis
734 612 820 680 hunc
842 613 947 680 locum
969 615 1111 696 absolvo,
1136 619 1283 697 poteram

55 719 187 788 infinita
200 722 299 806 loqui,
323 741 397 788 nam
413 722 545 806 qnaeris
560 722 681 805 pagina
702 719 787 786 idem
807 721 934 802 probat.
971 722 1015 788 sit
1029 740 1137 802 unum,
1162 721 1283 804 gravis

56 831 175 896 simum
199 847 287 912 saue,
310 831 415 896 instar
434 829 584 895 omnium.
608 827 714 894 11131
738 827 884 894 Platonis
904 829 1145 912 Rempublicam
1161 829 1285 894 Aristo-

56 955 161 1004 xenus
188 937 268 1004 dicit
295 937 409 1002 πᾶσαν
431 934 550 1019 σχεδὸν
578 934 615 1002 ἒν
643 946 710 1011 τοϊς
734 933 952 1024 Πρωταγόρου
979 933 1171 1022 γεγράφθαι
1199 931 1285 1002 ἄντι-

56 1043 209 1125 λογικοτς.
267 1043 410 1110 eiusdem
439 1043 514 1110 libri
541 1043 561 1126 §
585 1043 626 1108 57
654 1040 896 1124 Rempublicanl
930 1041 1137 1130 εὑρίσκεσθαι
1169 1041 1286 1126 σχεδὸν

56 1149 140 1238 ὅλῃ
155 1148 248 1238 παρὰ
266 1147 469 1238 Πρωταγόρᾳ
489 1148 527 1214 ἐν
546 1161 612 1225 τοῖς
632 1146 846 1231 sinemuro&
859 1151 1038 1216 Favorinus
1054 1150 1132 1216 dicit
1148 1151 1181 1216 in
1194 1151 1230 1218 Ο.
1244 1152 1284 1216 Η.

56 1258 174 1326 hocine
198 1257 335 1342 Diogeni
358 1257 543 1341 inprudenti
572 1258 712 1325 excidit?
745 1277 821 1326 nam
844 1258 990 1326 consulto
1018 1258 1164 1324 cumbis
1187 1259 1286 1341 adpo·

57 1367 165 1432 suisse
187 1364 282 1448 idem,
306 1363 405 1432 semel
428 1363 593 1431 nominato
614 1383 672 1432 suo
688 1369 830 1448 auctore,
855 1365 954 1433 semel
978 1366 1118 1432 auctoris
1142 1372 1284 1449 auctore,

55 1493 98 1540 ne
122 1473 262 1556 cogitari
285 1473 414 1556 quidam
437 1476 556 1555 potest.
596 1477 708 1539 contra
736 1491 826 1540 error
853 1472 1033 1554 lacillimus,
1059 1473 1087 1539 si
1110 1473 1197 1538 vitae
1222 1473 1286 1539 cui·

58 1581 134 1648 dam
158 1599 255 1664 quam
282 1580 443 1664 integram
471 1577 641 1646 describit
654 1597 694 1662 ex
716 1580 820 1649 altero
842 1581 942 1662 libro,
969 1580 1128 1646 Favorino
1152 1581 1285 1663 scilicet,

59 1688 200 1772 carptim
222 1687 360 1771 paucula
382 1687 558 1770 adspergit
594 1685 758 1754 sufficeret
779 1687 858 1754 mibi
881 1687 933 1754 hic
956 1706 1038 1753 uuus
1061 1687 1151 1754 locus
1173 1688 1286 1753 1111-

58 1797 208 1863 vorinum
231 1813 251 1862 a
273 1799 430 1879 perpetuo
450 1793 605 1878 Diogenis
626 1793 716 1862 tonte
739 1813 948 1863 secernerem.
984 1795 1049 1860 iam
1065 1794 1137 1878 plus
1161 1795 1284 1860 doceat.

59 1903 195 1984 seilicet,
219 1902 269 1970 111
292 1903 469 1987 Diogenem
492 1901 758 1970 animadvertisse
781 1922 816 1971 se
839 1903 890 1970 bis
912 1903 997 1969 idem
1020 1902 1137 1984 dicere,
1162 1902 1287 1968 delesse

59 2017 169 2078 autem
193 2011 378 2078 Aristoxeni
405 2029 537 2091 nomen,
566 2027 637 2076 curn
664 2009 839 2079 lectoribus
870 2011 937 2077 suis
959 2010 1152 2077 Favorinum
1175 2029 1286 2093 accep·

60 2119 178 2186 tiorem
207 2135 278 2186 esse
307 2118 414 2184 sciret.
460 2116 512 2185 lac
539 2136 721 2200 recurrere,
750 2138 790 2186 ex
816 2119 1007 2186 Aristoxeno
1037 2117 1173 2200 seilicet,
1202 2118 1287 2184 idem

59 2227 146 2310 epod
171 2225 369 2294 Clementem
392 2230 449 2292 aut
470 2225 680 2309 Hesychium:
712 2225 900 2294 adfirmares
928 2232 965 2292 11
987 2223 1192 2292 menifestum
1216 2243 1287 2292 esse

60 2333 213 2400 Favorini
234 2333 421 2415 vestigium,
450 2331 639 2399 defenderes
661 2333 744 2400 hanc
767 2333 960 2400 sententiam
984 2350 1055 2399 cnm
1079 2333 1185 2416 specie
1207 2333 1286 2415 veri,

60 2457 234 2506 exornares
256 2439 383 2506 blandis
406 2440 563 2506 acuminis
586 2445 620 2506 et
643 2439 808 2506 doctrinae
824 2439 1005 2506 lenociniis:
1035 2458 1073 2505 ac
1096 2444 1205 2506 tamen
1228 2437 1286 2505 lal-

59 2546 144 2614 leres
167 2551 203 2613 te
226 2547 331 2630 ipsum
354 2551 451 2630 atque
475 2565 585 2614 omnes
608 2547 724 2630 quibus
746 2553 836 2612 tuam
853 2547 1036 2630 opinionem
1059 2547 1283 2630 persuaderes.

60 2655 132 2720 vide
155 2654 221 2720 iam
250 2653 436 2720 Aristotelis
465 2655 506 2720 de
536 2653 742 2738 sycophantis
769 2654 885 2721 Atticis
917 2653 1170 2738 apophthegm,
1201 2655 1287 2738 quod

60 2759 223 2844 Diogenes
239 2761 303 2828 V?
328 2779 367 2827 ex
388 2760 547 2828 Fauorino
569 2759 677 2827 babet.
713 2761 799 2844 quod
822 2779 894 2828 cum
915 2761 1029 2827 redeat
1051 2761 1085 2826 11
1108 2761 1286 2830 Ptolemaei

60 2867 229 2953 Peregrini
251 2867 329 2950 vite,
353 2867 413 2936 tibi
432 2867 528 2936 unica
548 2865 610 2932 1111
632 2885 721 2950 ansa,
746 2885 802 2935 cur
824 2867 907 2934 banc
920 2868 1020 2946 vitam
1036 2869 1078 2934 11
1092 2867 1285 2936 Favorinum

60 2994 231 3045 revocares
258 2995 289 3059 p.
320 2977 372 3042 86.
431 2976 522 3060 atqui
554 2975 759 3042 Ptolemaeus
802 2976 908 3059 ipsum
946 2974 1119 3057 adscripsit
1156 2981 1283 3059 testem,

60 3084 234 3168 epistulam
262 3083 449 3150 Aristotelis
478 3083 520 3150 ad
546 3083 753 3166 Antipatrum
778 3083 918 3150 missam.
965 3081 1082 3148 licetne
1110 3082 1210 3165 igitur
1238 3085 1286 3150 ita

61 3192 236 3274 procedere
247 3196 286 3257 nt
297 3190 433 3258 eundem
443 3195 560 3257 testem
572 3208 592 3256 a
602 3189 761 3258 Favorino
774 3191 948 3258 excitatum
960 3207 1041 3272 esse,
1058 3189 1116 3256 sed
1127 3190 1168 3256 ab
1181 3190 1283 3258 altero

62 3299 262 3382 conpilatore
278 3298 431 3365 omissum
453 3315 525 3366 esse
542 3297 756 3365 arbitremur?
780 3299 928 3366 similiter
950 3299 985 3364 in
1007 3317 1071 3364 une
1093 3299 1151 3364 illa
1173 3317 1284 3364 narra-

63 3405 149 3472 tione
165 3423 219 3472 ras
234 3423 270 3472 se
285 3403 385 3473 habet
400 3423 465 3488 qua
485 3423 556 3472 cum
576 3409 613 3471 tu
635 3409 703 3472 tum
723 3425 783 3489 ego
799 3407 870 3490 ipse
886 3405 962 3473 olirn
979 3405 1107 3472 deducti
1124 3423 1232 3472 sumus
1247 3411 1284 3472 ut

63 3510 211 3580 Numenii
222 3511 433 3595 biographica
444 3511 486 3578 ad
497 3511 690 3580 Favorinum
702 3511 904 3580 referremus.
941 3513 1052 3579 dixisti
1064 3513 1104 3580 de
1117 3531 1156 3580 ea
1167 3515 1281 3595 p.113.

64 3620 118 3686 aed
129 3619 186 3686 nbi
197 3618 308 3703 paullo
320 3619 476 3686 attentius
487 3625 590 3687 testes
601 3621 687 3686 inter
698 3639 734 3686 11
749 3621 985 3704 comparaveris,
999 3625 1169 3688 evanescet
1181 3621 1283 3687 omnis

64 3723 156 3794 11111
179 3726 372 3809 suspicionis
394 3726 615 3809 probabilitas.
651 3747 726 3794 nam
743 3729 905 3812 Diogenes
927 3727 986 3812 (IV
1010 3727 1067 3814 63)
1091 3729 1283 3796 cFavorino

65 3841 183 3917 narrat,
208 3833 406 3901 Carneadem
422 3853 493 3902 cum
509 3835 790 3904 animadvertisset
811 3836 968 3920 paelicem
988 3853 1078 3902 suam
1102 3835 1283 3904 aMentore

67 3939 219 4026 discipulo
244 3943 415 4026 corrumpi,
439 3943 550 4010 schola
568 3944 599 4010 ei
621 3943 826 4012 interdixisse
840 3943 986 4010 versibus
1000 3943 1181 4011 Homericis
1204 3946 1285 4012 scite

67 4049 105 4115 ed
127 4067 258 4118 causam
287 4047 434 4132 deflexis,
462 4067 522 4119 nec
547 4051 653 4118 minus
675 4053 756 4118 scito
784 4070 939 4134 responso
964 4051 1143 4118 Mentorem
1166 4051 1285 4120 abiisse
1377 4109 1387 4126 .

68 4161 102 4220 ut
121 4155 192 4239 ipae
215 4154 392 4238 discipulos
414 4157 447 4223 in
469 4158 634 4242 propriam
662 4158 803 4226 scholam
832 4165 971 4242 cogeret.
1019 4160 1194 4227 Numenius
1216 4180 1285 4227 rem

1074 4266 1124 4321 ιο*
