3010 4866
51 377 214 460 Epicureos
248 382 283 443 et
316 376 420 460 ipsum
449 375 622 459 Epicurum
656 380 790 458 propter
822 375 1087 443 contemnendam
1122 376 1155 440 in
1190 375 1268 440 scri·

52 484 142 552 hendo
170 485 335 569 ignaviam
362 485 567 567 vituperavit.
615 484 791 550 Praeterea
819 483 940 549 citandi
968 484 1052 550 ratio
1082 481 1266 564 premenda.

52 592 78 658 Si
104 594 239 660 Aelius
267 593 440 675 Dionysius
467 591 747 658 Halicarnasensis
778 595 927 676 μουσικῆς
960 592 1102 674 ὶστοριάς
1130 593 1269 674 scriptor

53 707 112 766 erat
142 700 373 780 nominandus,
414 717 469 765 cur
502 717 566 766 nou
600 699 784 764 nominatur
818 698 962 764 diserte?
1020 697 1140 764 Contra
1172 699 1268 782 vulgo

52 811 195 875 maiorem
210 809 400 891 Dionysium
424 807 526 873 citant
548 807 589 872 ad
605 807 729 873 Laertii
753 806 941 888 exemplum.
961 843 1001 852 -
1027 807 1095 871 Iam
1119 807 1269 889 qnoniam

53 923 222 998 temporum
261 916 340 980 ordo
375 915 409 980 in
444 914 710 980 calumniatorum
744 931 877 980 numero
913 919 1061 980 servatur
1096 913 1269 998 [Dictimus

53 1024 125 1088 enim
154 1028 189 1088 et
211 1018 438 1104 Posidonius⁹h
463 1021 571 1088 Sullae
601 1026 709 1088 aetate
738 1025 846 1101 erant,
876 1021 1028 1088 Nicolaus
1051 1022 1270 1088 Damascenns

54 1147 72 1192 c.
99 1132 156 1210 64,
202 1130 376 1212 Dionysius
415 1147 440 1197 c.
472 1129 514 1194 hh
562 1129 666 1194 lucem
710 1129 954 1213 adspexerunt],
999 1128 1089 1195 Sotio
1135 1129 1191 1196 ille
1237 1129 1270 1194 in

54 1235 167 1303 Nicolai
213 1242 247 1302 et
284 1237 430 1320 Dionysii
468 1236 583 1302 incidit
621 1241 771 1302 aetatem.
833 1237 933 1318 Atqui
972 1237 1114 1302 eiusdem
1153 1237 1271 1301 aetatis

54 1341 208 1410 Sotionem
219 1340 259 1428 ¹⁰)
292 1344 438 1409 novimus
467 1343 654 1410 Sentianum
689 1343 830 1410 Senecae
864 1343 1048 1426 philosophi
1081 1343 1271 1425 magistrum

54 1447 98 1532 [cf.
126 1471 178 1534 ep.
203 1453 262 1530 49,
292 1453 323 1516 2.
374 1449 599 1516 Nietzscheum
633 1469 664 1532 p.
692 1451 770 1535 639]
805 1450 845 1515 de
876 1450 1057 1516 Stoicorum
1089 1451 1272 1532 praeceptis

54 1557 157 1624 ethicis
180 1558 382 1640 scriptorem,
407 1557 495 1624 velut
519 1558 559 1622 de
574 1559 624 1623 ira
648 1556 700 1642 [ci.
718 1557 944 1624 Nietzschenm
959 1557 1035 1642 ib.]:
1060 1557 1137 1640 quid
1154 1559 1272 1623 certius

55 1681 139 1744 quam
163 1660 270 1749 ἀκμήν
283 1663 405 1731 Dioclis
420 1664 585 1731 Posidonii
608 1669 642 1730 et
659 1663 800 1731 Sotionis
823 1665 978 1732 memoria
1000 1664 1272 1747 circumscriptam

55 1787 76 1834 c.
99 1774 138 1838 60
162 1791 191 1837 a
218 1769 292 1837 Chr.
317 1789 389 1838 esse
412 1771 661 1838 conlocandum?

133 1880 169 1962 3)
204 1877 285 1944 Rem
323 1883 445 1945 certam
481 1879 579 1945 tertio
618 1879 828 1945 communiam
867 1884 1065 1962 argumento.
1124 1878 1273 1944 Laertius

56 1983 221 2069 hicnippi
246 1986 372 2069 cynici
395 1987 496 2054 vitam
519 1986 566 2051 sic
589 1986 703 2068 incipit
725 1985 771 2051 VI
794 1987 829 2052 8:

93 2097 283 2167 Μένιππος·
318 2092 373 2156 ταὶ
407 2088 497 2168 οὗτος
530 2089 668 2176 κυνικός,
703 2089 740 2158 τὸ
770 2087 935 2159 ἀνέκαθεν
967 2089 1008 2178 ἦν
1032 2095 1163 2176 Φοῖνιξ,
1198 2091 1274 2156 δοῦ-

57 2196 115 2280 λος,
159 2199 202 2274 οἷς
240 2217 340 2286 φησιν
367 2197 519 2280 Ἀχαϊκὸς
556 2197 592 2265 ἐν
625 2197 782 2276 Ἠθικοῖς.
847 2199 1013 2283 Διοκλῆς
1052 2198 1088 2262 δὲ
1125 2203 1178 2262 καὶ
1216 2196 1274 2264 τὸν

56 2303 207 2392 δεσπότην
230 2302 332 2372 αὐτοῦ
353 2304 509 2372 Ποντικὸν
532 2308 617 2372 atrae
639 2311 693 2370 acl
708 2303 848 2374 Βάτωνα
870 2306 1059 2371 καλεῖσθαι·
1084 2301 1275 2393 ἀτηρότερον

57 2409 81 2472 d'
106 2413 226 2478 adacio
254 2411 308 2498 [h]
331 2410 395 2479 einh
423 2412 639 2500 φιλαργυρίας
667 2415 779 2495 ἴσχυσε
807 2415 951 2499 Θηβαῖος
976 2417 1149 2494 γενέσθαι·
1184 2417 1275 2499 φέρει

56 2589 262 2601 ¹——

121 2711 145 2783 ⁹)
163 2711 353 2782 Posidonium,
383 2727 438 2768 non
465 2711 605 2767 Posidonii
636 2711 786 2783 discipulos
816 2713 905 2783 tangit
934 2711 1076 2768 Laertius:
1105 2711 1173 2768 falso
1204 2711 1275 2767 enim
1374 2727 1376 2731 ·

57 2797 232 2856 iliatascheus
253 2801 334 2870 [mus.
353 2801 430 2856 rhen.
443 2799 538 2855 XXIII
550 2817 577 2870 p.
591 2801 653 2872 639]
673 2801 872 2869 interpretatur
890 2804 916 2856 ot
934 2803 995 2873 περὶ
1014 2803 1200 2856 Ποσειδώνιον.
1227 2799 1274 2870 [ct

58 2885 137 2944 lehrs
157 2897 263 2958 quaest.
284 2905 326 2959 sp.
344 2905 371 2958 p.
390 2891 425 2945 28
442 2906 478 2957 n.‚
497 2889 618 2944 Beccard
637 2891 671 2945 de
690 2890 775 2945 schol.
795 2890 823 2944 in
840 2889 952 2945 Homeri
972 2889 1084 2945 Illadem
1103 2907 1129 2960 p.
1149 2891 1182 2944 22
1196 2889 1276 2961 sqq.].

123 2979 160 3050 ¹⁰)
180 2978 336 3034 Heckerunr
363 2986 392 3033 et
418 2978 659 3035 PanaerbIeternm
685 2979 718 3034 de
741 2985 835 3035 vetere
856 2979 904 3034 illo
928 2981 1065 3052 διαδοχῶν
1088 2979 1222 3048 scriptore
1242 2978 1276 3050 [c.

60 3069 104 3122 160
121 3083 147 3122 a
167 3065 241 3136 Cha]
267 3067 419 3138 cogitantes
436 3067 618 3124 Nietascheus
637 3067 770 3124 refutarit
788 3085 816 3139 p.
837 3070 896 3126 638.
933 3068 995 3138 Ipse
1015 3083 1076 3123 cum
1094 3067 1112 3122 l.
1125 3083 1148 3121 o.
1169 3066 1277 3137 egregie

57 3155 240 3226 indicavisset,
260 3172 277 3212 a
298 3172 326 3212 se
340 3155 465 3226 demisit,
487 3163 518 3212 ut
536 3173 681 3228 perversae
705 3158 739 3214 de
761 3157 859 3213 Diocle
878 3157 1000 3227 opinioni
1021 3161 1204 3212 succurreret.
1239 3155 1278 3211 At

58 3239 153 3300 frustm
172 3245 232 3314 fuit,
251 3259 314 3300 cnm
333 3259 361 3300 se
380 3245 514 3315 correxit;
538 3262 599 3300 nam
618 3247 653 3302 ad
676 3246 887 3316 peripateticum
906 3245 1029 3315 confugit
1048 3245 1277 3315 Sotionemeum‚

58 3331 87 3387 de
113 3351 169 3403 quo
197 3333 355 3404 Simplicius
382 3333 410 3388 in
438 3335 633 3390 commentario
657 3337 692 3392 ad
717 3335 870 3406 categorias
898 3334 936 3408 [p.
958 3336 1054 3391 61222
1083 3333 1226 3404 Brandis]:
1253 3336 1278 3388 ot

58 3425 113 3492 sepi
137 3424 185 3478 τὸν
207 3421 329 3497 Ἀχαϊκὸν
355 3425 402 3477 καὶ
429 3428 555 3478 Σωτίωνα
582 3424 661 3480 ταῦτα
687 3423 876 3491 ἐπιστήσαντας
900 3417 1047 3485 adsessoris
1065 3421 1206 3484 narrasses
1226 3423 1279 3477 τῶν

58 3513 217 3584 κατηγοριῶν
234 3510 360 3584 ἐξηγητὰς
384 3511 520 3566 αἰτιῶνται
537 3513 644 3580 Βόηθον
662 3516 709 3570 καὶ
723 3515 868 3586 Ἀρίστωνα
886 3516 933 3568 καὶ
955 3513 1086 3584 Εὔδωρον
1108 3513 1155 3566 καὶ
1171 3509 1279 3582 Ἀνδρό-

59 3619 128 3653 νικον
150 3603 196 3656 καὶ
213 3600 400 3671 Ἀθηνόδωρον
422 3601 487 3674 μήτε
505 3601 693 3670 ἐπιστήσαντας
710 3601 776 3676 μήτε
794 3607 1040 3676 ἐπισημηναμένοιις
1059 3601 1125 3656 ἀλλὰ
1144 3605 1197 3656 κτλ.
1233 3603 1278 3654 Ve-

59 3697 120 3742 teres
137 3695 181 3742 illi
196 3696 350 3758 suterpretes
367 3694 489 3759 quosdam
503 3697 592 3760 pruina
609 3711 626 3744 a
650 3693 712 3745 Chr.
734 3681 760 3746 ιι.
782 3697 884 3746 saeculo
900 3695 997 3764 suere,
1015 3695 1135 3759 pomini
1155 3695 1201 3744 αιἰι
1219 3699 1280 3743 ante

60 3782 166 3831 νιειίαιιιι
182 3785 301 3848 peanum
320 3789 381 3850 port
405 3781 467 3833 car.
492 3785 625 3834 soeculum
639 3784 743 3849 floren
760 3791 890 3849 poterant.
940 3785 1011 3834 Hinc
1038 3785 1143 3834 Dacus
1170 3789 1280 3833 exeunte

60 3869 100 3918 illo
123 3875 224 3922 saeculo
240 3873 368 3938 ,amose
393 3874 530 3936 arguatur.
568 3867 726 3926 Temeraria
749 3871 818 3926 haee
839 3871 1051 3938 argumentatio!
1088 3869 1184 3939 Neque
1208 3869 1279 3924 enim

60 3967 136 4010 causa
153 3963 196 4012 est
208 3957 418 4015 Wilumouiteio
431 3958 529 4028 iudIce,
545 3973 595 4013 cur
606 3959 765 4016 Aristotelis
777 3960 830 4015 iste
842 3960 978 4029 interpres
991 3959 1136 4015 dirimatur
1148 3976 1166 4015 a
1178 3959 1279 4028 Stoico,

59 4057 112 4114 uec,
130 4045 163 4114 si,
182 4053 267 4117 esset,
286 4062 321 4102 ex
338 4047 476 4104 incerta
493 4046 599 4104 DioclIs
617 4051 707 4104 astate
725 4048 759 4104 ds
777 4047 906 4119 Sotionis,
925 4049 972 4104 sad
985 4065 1020 4105 ax
1031 4043 1085 4104 hac
1096 4048 1131 4105 de
1149 4045 1198 4104 illa
1215 4063 1280 4104 con·

60 4131 216 4190 cludendum
236 4145 317 4192 esset.

108 4221 217 4278 Philolog.
232 4225 431 4277 Untsnuehungan
445 4223 485 4268 lll.
1070 4227 1086 4280 2
