3010 4866
1244 234 1284 298 15

144 407 243 475 Nemo
268 410 333 474 iam
358 407 547 490 Cynicorum
576 413 821 490 ceterorumque
845 409 976 474 decreta
999 428 1069 474 cum
1093 409 1284 475 Nietzscheo

65 515 188 582 reddere
212 515 346 581 audebit
361 515 481 581 Diocli:
507 516 540 580 id
564 515 650 598 quod
673 533 711 580 cx
734 517 775 581 iis
791 535 874 598 quoe
894 515 1105 582 refutavimus
1129 518 1285 584 conclusit

66 623 122 702 ille
145 623 379 692 demonstravit
395 641 460 687 non
481 623 573 702 item;
598 641 693 688 nemo
709 623 898 705 Apollodori
915 623 1122 690 Atheniensis
1143 625 1284 706 epicurei

65 731 239 796 testimonia
263 749 303 795 ex
325 729 448 796 Dioclis
471 730 553 796 libro
577 731 751 811 derivabit,
776 749 880 813 neque
904 732 1001 796 istam
1025 731 1282 798 observationem

65 838 99 901 de
125 844 193 902 arte
222 839 410 920 dogmatum
439 843 473 902 et
500 839 638 904 vitarum
670 857 791 903 conexu
819 837 1064 920 amplexabitur.
1111 839 1171 904 Est
1199 841 1284 904 euim

65 945 210 1025 pessima:
228 947 359 1028 quinam
376 945 570 1011 cohaerent?
608 947 645 1011 Iu
662 947 768 1012 verbis
790 954 845 1010 ιιαῐ
866 944 1044 1030 ταῦταμὲν
1060 945 1148 1032 αὐτῷ
1164 945 1284 1012 ἐδόκει·

64 1053 101 1114 ια’
126 1054 161 1114 δὲ
187 1053 298 1136 βιβλία
327 1052 427 1117 adteri
457 1054 513 1116 ancl
541 1053 712 1139 Θράσυλος
742 1049 949 1139 ἀναγέγραφε
975 1052 1059 1118 κατὰ
1087 1052 1180 1132 ια’ξιν
1208 1055 1284 1137 aad,

64 1158 111 1222 ubi
144 1179 264 1242 quaeso
299 1161 362 1224 site
398 1160 455 1224 illa
490 1165 541 1224 est
575 1161 756 1226 coniunctio
792 1181 874 1243 quae
909 1169 1005 1244 cogat
1039 1164 1146 1227 omnia
1180 1162 1283 1228 eidem

65 1266 225 1348 adsignare
250 1269 398 1332 auctori?

145 1375 244 1440 Porro
262 1393 332 1439 cum
349 1375 534 1439 Demetrius
551 1373 685 1455 Magnes
710 1374 742 1438 iu
764 1392 861 1455 opere
884 1381 957 1461 περὶ
979 1371 1163 1458 ὁμωνύμων
1185 1375 1285 1440 libros

65 1481 317 1564 philosophorum
342 1482 550 1560 recensuerit,
576 1481 768 1546 Laertiancs
789 1482 911 1546 indices
927 1483 969 1548 ad
985 1484 1183 1548 Demetrium
1199 1483 1283 1548 male

65 1605 152 1653 ausus
180 1594 230 1654 est
258 1588 381 1654 referre
410 1588 568 1670 simulque
596 1588 857 1670 homonymorum
887 1596 921 1654 et
947 1591 1085 1656 vitamm
1115 1591 1283 1655 maximam

65 1700 195 1774 partem:
220 1697 324 1761 bonae
339 1697 403 1761 isti
427 1696 701 1777 argumentationi
724 1713 795 1760 cum
819 1702 928 1762 cetera
948 1703 1017 1762 tum
1033 1697 1161 1762 Diocles
1186 1698 1285 1762 cessit

66 1801 260 1881 epitomatus.

144 1909 186 1974 Et
209 1911 360 1992 quoniam
384 1909 517 1976 Gornuti
541 1929 668 1993 quoque
695 1912 795 1976 vitam
819 1911 968 1977 Laertius
998 1917 1206 1978 enarraverat
1229 1911 1282 1995 [cl.

67 2013 98 2078 V.
113 2015 203 2096 Roas,
227 2019 337 2082 Herm.
362 2018 378 2082 1
401 2037 432 2099 p.
450 2019 515 2084 370
539 2018 633 2101 sqq.],
658 2018 788 2084 Diocles
811 2024 885 2100 post
909 2019 1084 2084 Cornutum
1108 2021 1128 2084 i.
1147 2039 1174 2084 e.
1200 2020 1284 2084 circa

67 2123 175 2188 saeculi
198 2125 318 2190 exitum
334 2143 354 2189 a
371 2125 561 2190 Nietzscheo
577 2126 750 2206 relegetur.
791 2125 940 2192 Profecto
961 2145 1071 2191 eorum
1088 2125 1283 2192 consimilem

67 2228 175 2296 dixeris
213 2233 454 2313 Nietzscheum,
495 2251 575 2314 quos
614 2233 699 2297 lama
738 2239 788 2297 est
822 2234 999 2298 somniasse
1034 2252 1117 2316 quae
1152 2233 1282 2299 vellent.

146 2358 173 2404 c.
197 2341 426 2418 Quaestionem
454 2341 648 2404 instaurenti
678 2341 710 2404 in
739 2341 852 2421 primis
883 2339 1010 2406 videtur
1039 2345 1130 2404 aetas
1161 2340 1284 2406 Dioclis

68 2461 211 2510 annorum
234 2447 378 2512 numeris
402 2445 594 2527 delinienda,
620 2447 667 2511 ita
686 2451 795 2511 tamen
818 2453 855 2512 ut
878 2447 1003 2512 incerta
1026 2447 1076 2512 vel
1089 2447 1186 2511 dubia
1210 2465 1284 2528 sup-

68 2551 247 2628 primantur.

147 2659 297 2742 Logicam
321 2661 493 2742 specialem
519 2666 647 2726 constat
670 2679 741 2726 esse
765 2661 939 2727 Diocleam.
985 2661 1096 2744 Neque
1120 2661 1204 2725 enim
1229 2679 1284 2724 an-

69 2781 135 2845 ceps
170 2773 219 2831 est
249 2767 295 2850 [id
319 2768 404 2850 quod
433 2767 703 2833 Frendentbalius
738 2769 820 2833 dixit
842 2768 863 2833 l.
889 2769 941 2852 c.],
978 2775 1135 2851 quatenus
1163 2767 1284 2832 Dioclis

67 2871 156 2937 verba
186 2874 230 2939 ibi
263 2877 504 2956 continuentur,
537 2865 687 2958 quoniam
716 2877 906 2959 εἰσαγωγικὴ
929 2879 1023 2962 τέχνη
1055 2875 1284 2940 ‘institutionis

68 2977 245 3046 dialecticae
276 2982 388 3047 artem'
421 2979 632 3068 significat:⁰)
662 2983 823 3065 complent
851 2985 951 3066 igitur
974 2983 1012 3066 ἓξ
1036 2984 1177 3048 49-83.
1224 2983 1284 3046 hc-

68 3087 155 3168 cedit,
186 3090 272 3172 quod
302 3091 333 3154 in
363 3089 435 3172 ipsa
466 3091 526 3156 hac
554 3095 648 3172 parte
674 3091 795 3156 Dioclis
818 3111 934 3156 nomen
961 3092 994 3156 iu
1018 3089 1123 3172 figura
1146 3090 1282 3172 quadam

68 3191 226 3261 dialectica
261 3199 376 3262 visitur
403 3199 422 3280 ξ
446 3201 464 3262 7
469 3200 488 3262 5
519 3199 554 3286 ζῇ
581 3199 726 3283 Διοκλῆς.
777 3199 851 3263 Iure
879 3199 941 3264 hoc
973 3200 1089 3264 mirum
1124 3197 1284 3280 quomodo

69 3297 175 3368 laetum
204 3305 247 3369 sit
277 3305 325 3369 ita
354 3305 543 3386 explanasse
568 3305 777 3370 Nietzscheus
804 3305 883 3370 mihi
906 3305 1047 3386 videtur,
1079 3311 1115 3370 ut
1145 3303 1185 3368 ab
1213 3305 1283 3386 ipso

70 3403 168 3476 Diocle
191 3411 371 3493 proiectum
396 3416 550 3478 censeret.
596 3411 744 3476 Obvertit
767 3411 1036 3478 Frendenthelius
1060 3431 1090 3494 p.
1116 3413 1178 3474 311
1206 3411 1284 3474 illud

71 3519 236 3600 exemplum
249 3518 367 3584 Stoicis
384 3537 456 3584 esse
471 3499 636 3600 usitatum,
653 3524 691 3584 ut
701 3523 788 3584 Δι’ων
804 3525 837 3584 ct
851 3520 953 3585 Θέων.
982 3519 1031 3583 De
1043 3517 1094 3582 his
1106 3517 1194 3582 nulla
1207 3535 1284 3582 sane

71 3629 114 3687 est
127 3625 301 3692 dubitatio:
327 3626 475 3692 addenda
494 3633 569 3691 sunt
593 3625 762 3692 ‘Socrates’
788 3631 824 3690 et
839 3625 962 3691 ‘Plato'.
1004 3625 1101 3690 Velut
1116 3629 1284 3706 quattuor-

72 3729 145 3798 viros
167 3733 241 3800 illos
270 3753 501 3816 saepenumero
525 3734 694 3800 advocavit
718 3733 833 3798 Sextus
856 3733 1037 3815 Empiricus
1066 3731 1118 3816 [cl.
1144 3731 1284 3796 Bekkeri

131 3909 153 3980 ὅ)
170 3911 230 3966 Hoc
246 3915 325 3979 patet
349 3925 383 3964 cx
401 3909 462 3978 ipso
479 3909 587 3964 Laertia
606 3910 633 3964 X
651 3913 686 3966 30
704 3910 734 3966 τὸ
753 3911 804 3982 μὲν
822 3904 871 3964 οὖν
895 3909 1038 3964 κανονικὸν
1062 3909 1103 3978 [ld
1122 3913 1164 3962 cst
1183 3907 1283 3978 logica]

73 3997 172 4064 lpddoar
190 4003 235 4055 ert
258 3999 306 4066 τὴν
326 4005 516 4071 πραγματείαν
535 4005 588 4071 ἔχει
606 4005 658 4054 erl„
680 3999 714 4054 cf.
735 4001 818 4054 etiam
838 3998 955 4054 Gellium
980 3997 1009 4068 [a
1026 3997 1147 4052 Dialesio
1170 3997 1282 4066 duxogr.

73 4097 94 4150 ll·
112 4089 157 4142 182
174 4106 201 4143 n.
220 4087 347 4158 citatum]
366 4087 476 4144 XVI&
519 4089 585 4140 Cum
608 4094 636 4140 ιἰι
659 4093 810 4154 dahrr'plinus
832 4091 981 4140 dialect'cur
1003 4091 1094 4138 caduci
1110 4095 1188 4152 atque
1206 4091 1288 4138 ιἰιιῠιιί

73 4179 192 4247 vellem,
201 4197 324 4232 moestus
333 4181 397 4248 sur't
407 4183 482 4230 adire
490 4187 569 4246 atque
576 4197 739 4246 cognoscere,
751 4195 819 4244 quas
830 4187 923 4230 vocant
930 4181 1060 4228 dableclt'ci
1069 4176 1221 4248 εἰσαγωγάς
1230 4184 1283 4232 etc.
