3010 4866
1236 209 1278 272 85

64 375 97 443 οὗ
118 377 213 462 μόνος
235 379 472 466 ὄΣταγειρίτρς
488 376 705 467 Ἀριστοτέλης
729 378 874 446 ἐκαλεῖτο
897 379 984 446 ἀλλὰ
1006 367 1063 448 καὶ
1087 383 1181 450 ἄλλοι
1198 381 1281 472 Ἀρι-

64 489 207 564 amana
234 487 469 572 ἐγένοντο-ἔπ’
498 485 635 570 αὐτοῦ,
666 486 709 564 ὥς
736 486 754 554 ὁ
784 489 994 576 παιδοτρίβης
1022 492 1077 555 καὶ
1105 489 1124 556 d
1147 490 1282 578 ἐπίκλην

64 593 221 683 μῡθας“).
263 598 311 662 Ad
335 596 554 664 Ptolemaeum
576 595 637 662 hoc
660 595 735 683 napi
758 590 940 680 ὁμωνύμων
961 595 1175 681 fragmentum
1199 599 1281 665 reie-

66 703 187 770 rcndum
210 710 270 770 cst.
313 704 356 770 At
378 702 471 770 fluxit
493 722 533 768 ex
556 699 735 787 Laertio'⁹)
758 702 813 768 nbi
837 703 900 769 duo
924 703 972 770 illi
995 707 1051 790 qui
1074 705 1282 788 proteruntur

66 810 190 878 redeunt
224 811 445 895 cognomines!
498 809 614 876 Absint
648 809 814 892 ambages:
851 811 1029 878 aLaertio
1064 813 1152 879 nullo
1186 819 1281 896 pacto

65 919 338 1000 aequalitatem
377 918 505 984 illorum
543 917 768 1000 comperisset,
813 935 896 1000 quae
932 919 1040 986 verbis
1078 919 1132 984 dni
1168 919 1282 986 τούτου

66 1027 245 1094 continetur.
284 1025 363 1092 Inde
379 1025 487 1108 potius
502 1024 624 1107 pendet
639 1024 853 1106 Ptolemaeus,
877 1026 962 1092 unde
978 1031 1080 1092 totam
1098 1027 1282 1114 AristoteHs

65 1131 153 1198 dmm
175 1133 387 1215 -exceptis
415 1135 611 1198 testamento
642 1135 676 1196 et
707 1130 862 1198 librorum
896 1133 1044 1216 catalogo
1072 1135 1283 1202 Androniceis

64 1277 103 1286 -
125 1242 255 1324 accepit,
280 1260 300 1306 a
321 1239 500 1322 biographo
524 1239 648 1305 scilicet
671 1239 855 1306 Laertiano.

145 1349 174 1414 3.
200 1348 366 1414 Laertiurn
389 1351 423 1412 ct
446 1346 617 1428 gemellum
640 1347 857 1412 examinemus
880 1347 1109 1429 Ptolemaeum,
1132 1367 1197 1414 non
1220 1368 1283 1431 qno

66 1455 101 1519 de
125 1455 280 1522 Favorino
303 1454 446 1520 dubitem
471 1458 612 1534 auctore,
637 1453 869 1537 sedquoniam
903 1454 1061 1539 adespota
1095 1474 1177 1539 quae
1209 1461 1284 1522 sunt

65 1561 94 1626 in
116 1562 241 1628 Laertio
266 1580 347 1644 opus
370 1565 421 1626 est
445 1557 707 1643 cognovisse¹⁰⁰).

386 1663 553 1720 Laertius
895 1671 899 1744 t
984 1665 1212 1720 Ptolemaeus.

145 1885 289 1968 Linguae
311 1883 452 1949 balbitas
476 1880 729 1966 [Timotheus]
956 1882 1189 1966 epigrammate

148 1991 300 2075 corporis
322 1991 454 2058 habitus
478 1993 512 2055 et
534 1989 671 2056 vestitus

147 2097 332 2166 Nicomachi
355 2117 395 2164 ex
413 2096 603 2181 Herpyllide
626 2101 720 2180 pater
744 2097 883 2182 [Timo-

190 2205 321 2291 theus]

98 2315 125 2377 2.
147 2313 321 2380 APlntone
333 2310 485 2378 deficiens
497 2311 678 2378 Xenocrate
691 2310 884 2378 Academiae
912 2331 942 2394 p.
961 2311 996 2392 3,
1033 2313 1053 2374 6
1084 2329 1152 2393 sqq.
1183 2309 1285 2394 [Ari-

189 2419 354 2504 praefecto
371 2419 509 2503 Lyceum
525 2419 650 2501 petivit
692 2417 884 2502 [Hermip-
956 2423 1163 2497 stoicum,
1195 2416 1284 2483 Phi-

190 2527 274 2612 pus]
609 2543 613 2552 ·
956 2523 1154 2608 locborus]

149 2632 397 2701 Narratiuncula
423 2631 464 2698 de
487 2631 669 2698 Alexandro
704 2665 707 2672 ·

99 2743 126 2807 3.
150 2741 290 2808 Docendi
314 2741 398 2806 ratio

149 2850 299 2916 Hermiae
319 2847 450 2929 Bithyni
473 2851 599 2912 amator
621 2845 752 2926 amicus,
775 2845 884 2927 neptis

193 2957 329 3022 maritus
352 2953 594 3038 [Demetrius
615 2952 792 3038 Magnes]
816 2951 884 3018 sive

192 3061 294 3142 fihae3
353 3059 548 3128 concubinae
600 3065 726 3126 amator
783 3059 884 3144 [Ari-

194 3172 354 3253 stippus
391 3166 479 3252 napi
511 3165 689 3240 παλαιᾶς
726 3163 884 3250 τροφῆς]

152 3278 292 3362 Nuptiae
302 3275 416 3360 [Lyco
430 3271 468 3339 ci.
479 3271 656 3338 Aristocles
668 3271 755 3354 apud
766 3271 883 3336 Euscb.

192 3405 241 3469 pr.
267 3403 314 3450 ev.
340 3381 398 3447 XV
422 3379 501 3465 792]

76 3545 273 3556 -υ-

135 3631 171 3703 ”)
188 3633 312 3688 Δᾶοοίιὶ
329 3627 489 3684 Brundisina
507 3626 640 3682 ‘Ammom
659 3623 678 3678 i.
697 3622 729 3680 9t
746 3621 875 3695 γιγὸναοι
893 3620 947 3695 γὰρ
965 3623 1021 3676 καὶ·
1039 3621 1122 3692 ἕτεροι
1145 3621 1283 3692 Ἀριστοτέ-

76 3720 119 3778 Μκ
136 3714 171 3775 ὧν
188 3720 219 3775 τὰ
238 3717 439 3791 συγγράμματα
457 3715 504 3772 διὰ
521 3716 568 3782 τὴν
586 3713 747 3788 ὄμωννμίαν
765 3713 833 3774 τινὲς
850 3710 978 3784 ἐνόμισαν
993 3708 1201 3781 Ἀριοοοτέὶονς’.

136 3807 169 3880 ⁹⁵]
187 3809 211 3865 V
230 3810 265 3865 35
283 3811 401 3880 πέμπτος
420 3804 435 3861 ὁ
452 3807 604 3873 ἐπικινιθοίς
621 3806 711 3877 μῦθος
729 3807 860 3873 Αἰσχίνου
878 3803 924 3856 τοῦ
942 3799 1112 3871 Σωκρατικοῦ
1134 3798 1283 3870 γνώριμος·

107 3893 213 3967 ἴβδομος
231 3895 404 3963 παιδοτρίβης
422 3884 458 3946 οὗ
476 3895 646 3964 μέμνηται
664 3885 892 3959 Ἀριστόξενος
914 3890 947 3942 ἐν
969 3886 1011 3956 τῷ
1029 3883 1205 3945 Πλάτωνας
1222 3888 1284 3956 ῥίῳ

77 3974 106 4028 ei
122 3994 145 4048 p.
162 3981 206 4035 46.
242 3977 283 4032 De
302 3983 392 4032 aetate
410 3976 526 4033 lanistae
544 3976 614 4032 nihil
631 3975 736 4032 dietum
755 3979 805 4028 est.

138 4063 187 4133 ¹⁰⁰)
206 4061 260 4118 Ubi
287 4061 358 4118 idem
385 4061 499 4118 tendum
521 4062 546 4116 A
565 4057 870 4133 .[Paeudoammouiua]‚
897 4053 1117 4128 Bfflmoiana1,
1141 4051 1283 4110 mundatio

78 4145 176 4204 natica
198 4147 270 4218 apud
288 4147 434 4203 Mulierum
452 4163 479 4218 p.
498 4150 531 4203 21
551 4163 603 4216 sap:
622 4147 646 4202 B
664 4151 696 4202 nt
713 4143 949 4215 diligentissimam
969 4141 1067 4198 ducem
1091 4144 1200 4196 secutus
1224 4154 1283 4193 snm
