3044 4860
578 257 599 289 ι.
625 242 805 286 εποντο-ιι.
991 263 995 270 =
1262 219 1305 284 39

131 391 262 476 λέγεται
275 395 313 461 δὲ
324 395 380 460 καί
394 393 544 482 δέλφακα
555 395 667 462 λοόειν
787 405 982 461 Αιιιευοοουε
1012 415 1043 478 p.
1069 396 1133 460 763
1170 395 1214 478 (p.
1241 395 1306 461 504

69 497 176 575 αὐτὸς
198 496 255 564 ὑπ’
278 495 492 585 ἀδιαφορίας.
530 499 586 564 καλ
608 523 666 580 χο-
722 502 773 578 16)
792 493 1012 576 Ἀντίγονος
1033 499 1113 577 γοῦν
1135 491 1155 561 ό
1175 493 1306 580 Καρό-

70 601 181 687 λη’σας
223 625 257 666 τι
300 598 385 686 ὑπὲρ
422 605 478 688 τῆς
519 600 666 690 ἀδελφῆς
719 618 835 677 στιος
861 601 945 666 κατὰ
970 601 1045 677 τοὺς
1073 597 1191 676 αὐτούς
1212 594 1306 680 γενό-

71 705 238 784 (Φιλίστα
259 705 292 769 δ’
314 703 475 785 ἐκαλεῖτο)
502 706 587 792 πρός
608 707 666 772 τὸν
719 727 817 790 μενος
848 702 986 788 χρόνους
1018 704 1074 769 καί
1107 700 1306 789 ἀναγράψας

70 805 320 892 ἐπιλαβόμενον
346 809 457 875 είπείν
483 808 527 886 ιδς
549 807 607 876 οὐκ
629 809 666 876 έν
682 825 700 880 5
719 804 827 872 αὐτόν
847 807 905 872 τόν
927 809 1016 890 βίον,
1040 807 1123 893 φησί
1143 805 1200 873 τόν
1216 804 1306 892 Πόρ-

68 908 199 996 γυναίῳ
222 907 242 996 ἡ
265 910 429 989 ἐπίδειξις
442 915 499 999 τη”ς
514 906 664 998 α’διαφο-
718 933 808 996 ρωνα
848 910 1054 996 διωκόμενον
1096 903 1165 974 όπδ
1210 908 1306 985 κυνός

71 1012 161 1100 ρίας.
718 1010 899 1098 ἀναφυγεῖν
910 1013 968 1078 ἐπί
979 1035 1012 1078 τι
1025 1011 1174 1097 δένδρον,
1191 1029 1305 1078 σκωπ-

139 1115 198 1180 καί
220 1114 315 1192 κυνός
337 1119 412 1182 ποτ’
427 1113 664 1199 ἐπενεχθέντος
717 1113 855 1202 τόμενον
884 1116 915 1180 δ’
943 1113 1011 1182 όπδ
1041 1119 1105 1182 τῶν
1131 1114 1306 1201 παρόντων

70 1222 329 1305 διασοβηθέντα
356 1222 468 1286 είπείν
495 1222 579 1306 πρός
606 1221 664 1288 τόν
719 1224 829 1288 είπείν
862 1219 909 1298 ιός
940 1218 1088 1300 χαλεπόν
1120 1222 1170 1304 εἴη
1207 1215 1303 1306 (τόν)

70 1321 314 1406 αίτιασάμενον
350 1321 393 1400 τίς
429 1324 576 1406 χαλεπόν
612 1329 662 1410 εἴη
676 1337 708 1391 10
718 1321 903 1405 ἄνθρωπον
939 1323 1084 1388 ἐκδῦναι.
1143 1322 1306 1398 Φιλίστας

71 1425 260 1510 ὁλοσχερῶς
286 1425 421 1492 ἐκδῦναι
450 1427 508 1492 τόν
529 1426 664 1514 ἅνθρω-
718 1426 757 1490 δὲ
778 1429 835 1512 τῆς
857 1424 1002 1512 ἀδελφῆς
1016 1423 1120 1491 αὐτοῦ
1141 1425 1304 1510 θυούσης,

73 1551 160 1596 πον·
184 1527 450 1610 διαγωνίζεσθαι
472 1530 504 1594 δ’
528 1529 571 1606 οἷς
593 1529 666 1597 οίόν
719 1527 839 1595 ἔπειτα
871 1533 936 1596 τῶν
966 1531 1075 1615 φίλων
1104 1530 1194 1605 τινὸς
1221 1525 1306 1594 ὕπο-

71 1658 108 1698 τε
131 1633 344 1717 πρῶτονμὲν
364 1643 435 1710 τοῖς
457 1627 665 1720 όργοιςπρὸς
720 1637 881 1719 σχομίνου
909 1633 950 1698 τότ
978 1634 1062 1718 πρὸς
1090 1634 1150 1718 την
1176 1635 1306 1697 θυσίαν

76 1737 119 1801 τό
142 1733 326 1822 πράγματα
332 1786 345 1815 ,
368 1737 400 1801 εί
421 1738 459 1802 δέ
481 1737 539 1823 μή,
562 1740 608 1825 τῷ
629 1761 666 1820 γε
720 1737 775 1800 καὶ
798 1737 841 1823 μη
865 1739 1131 1821 παρασχομένου,
1153 1738 1212 1801 τοῦ
1226 1731 1269 1820 μέ
1290 1769 1306 1782 ··

72 1837 174 1925 λόγῳ.
677 1853 709 1909 15
719 1863 772 1904 τοι
810 1839 988 1926 Πύρρωνος
1024 1843 1211 1927 πριαμένου
1248 1837 1305 1902 καί

137 1945 206 2020 (67)
230 1943 315 2028 φασί
344 1943 382 2008 δὲ
408 1944 465 2008 καί
492 1946 663 2030 σηπτικῶν
717 1941 989 2024 ἀγανακτοῦντος,
1010 1942 1194 2033 ἐπειδήπερ
1210 1942 1227 2010 ό
1244 1947 1301 2026 φί-

72 2046 260 2132 φαρμόκων
285 2047 341 2110 καί
368 2051 477 2132 τομῶν
503 2048 559 2112 καὶ
582 2047 661 2112 καό-
715 2047 773 2122 λος
788 2047 897 2128 ἔλεγεν
912 2047 956 2124 τός
972 2045 1011 2114 οὐ
1026 2061 1125 2115 ποιοί
1140 2047 1305 2134 σύμφωνα

72 2167 161 2216 σεων
198 2148 256 2213 ent
297 2172 388 2226 τινος
424 2150 536 2226 ἕλκους
573 2148 662 2238 αὐτῷ
714 2163 786 2228 τοῖς
807 2149 919 2232 λόγοις
942 2149 1010 2218 οὐδ’
1031 2152 1110 2228 ἄξια
1130 2153 1188 2238 τῆς
1210 2149 1301 2218 ἅπα-

72 2255 366 2338 προςενεχθέντων
392 2251 477 2319 ἀλλὰ
498 2253 581 2339 μηδὲ
602 2254 661 2330 τὰς
715 2259 833 2334 θείας,
869 2257 979 2320 εἰπεῖν
1007 2252 1124 2334 αὐτόν,
1158 2255 1194 2321 ἐν
1220 2257 1301 2336 γοῦν

72 2351 181 2442 όφρῦς
202 2369 409 2437 συναγαγεῖν.
437 2355 527 2423 καὶὸ
547 2361 661 2442 Τίμων
670 2364 705 2420 20
714 2361 848 2440 γυναικί
880 2360 951 2448 <τί>
987 2359 1041 2424 δεῖ
1067 2357 1127 2444 την
1158 2357 1301 2426 ἀπόδει-

71 2459 109 2524 δέ
137 2459 305 2546 διασαφεῖ
332 2461 392 2547 την
418 2459 578 2526 διάθεσιν
601 2459 661 2526 αὐ·
716 2465 768 2539 ξιν
789 2462 888 2550 αδτῆς
911 2465 1092 2528 ποιεῖσθαι
1099 2491 1111 2542 ,·

70 2565 131 2628 τοῦ
188 2563 223 2626 ἐν
275 2562 325 2640 οίς
377 2566 461 2648 πρὸς
510 2561 661 2630 Πύθωνα

72 2667 245 2742 διέξεισιν.
300 2663 385 2732 ἀλλὰ
413 2668 469 2731 καὶ
500 2666 612 2732 Φίλων
641 2663 662 2732 ό

68 2767 266 2856 Ἀθηναῖος,
294 2767 457 2856 γνώριμος
481 2765 583 2836 αὐτοῦ
605 2794 660 2850 γε·

163 3032 216 3087 Die
235 3033 330 3088 zweite
349 3032 453 3104 einlege
478 3033 515 3089 iet
537 3033 588 3090 der
605 3031 832 3105 pamnelberieht
849 3033 898 3090 des
916 3033 1127 3104 Eratosthenes,
1151 3034 1214 3090 dass
1232 3033 1300 3104 Pyr-

72 3125 143 3180 rhon
167 3123 219 3178 mit
246 3123 335 3178 eeiner
361 3123 522 3191 schwesten
549 3123 595 3178 die
622 3123 763 3180 hebamme
788 3139 911 3193 genesen
938 3123 993 3190 sei,
1024 3123 1183 3192 pietntsvoll
1210 3123 1301 3193 gelebt

70 3214 156 3286 habe,
184 3213 240 3268 und
258 3212 303 3267 fnr
321 3213 361 3268 sie
379 3213 488 3268 hnhner
506 3213 563 3268 und
581 3211 670 3268 ferkel
688 3213 738 3268 τοί
759 3214 812 3270 den
830 3213 922 3268 merke
940 3213 1071 3282 gebracht
1090 3213 1145 3268 und
1164 3213 1213 3269 des
1231 3213 1300 3268 haus

71 3303 191 3372 gekehrt
209 3302 288 3358 habe.
324 3301 445 3358 offenber
463 3303 513 3357 hat
531 3301 743 3368 Eratosthenes,
769 3301 819 3358 der
837 3303 1013 3372 gleichzeitig
1031 3303 1081 3357 mit
1099 3301 1253 3372 Antigones
1271 3302 1301 3356 in

72 3393 165 3448 Athen
193 3391 312 3447 studiert
338 3392 400 3462 het,
431 3391 571 3449 dieselben
598 3392 773 3462 geschichten
800 3392 863 3446 dort
891 3392 1020 3448 erznhlen
1047 3391 1141 3447 heren.
1188 3393 1222 3448 23
1246 3407 1300 3447 von

72 3482 172 3538 Philon
191 3482 269 3536 mehr
287 3482 350 3554 §69
369 3483 419 3536 mit
438 3483 526 3538 einem
539 3482 715 3552 Timoneitat3
736 3482 785 3538 des
803 3481 871 3537 lnsst
889 3482 949 3537 eieh
965 3483 1032 3538 aber
1049 3481 1125 3538 nieht
1144 3481 1235 3538 sicher
1252 3481 1302 3536 κοί

73 3572 226 3642 Antigones
253 3571 469 3643 zurnckfnhren‚
497 3571 585 3628 obwol
607 3587 656 3627 aus
675 3589 695 3628 s.
709 3574 764 3628 37·
777 3575 808 3629 15
827 3571 904 3642 ἰοίην,
933 3572 996 3628 dass
1020 3587 1050 3626 er
1073 3587 1126 3627 von
1154 3572 1300 3627 mehreren

75 3661 203 3718 sehnlern
221 3661 334 3732 geredet
352 3661 438 3718 hatte.

161 3805 189 3861 b.
212 3807 229 3860 7
248 3803 305 3860 Dee
327 3804 448 3860 klettem
466 3803 540 3860 kann
558 3804 757 3875 nbertreibung
784 3805 833 3862 dee
854 3804 1010 3862 Aristoklee
1033 3805 1100 3860 sein.
1152 3808 1168 3860 9
1187 3805 1237 3861 der
1255 3821 1299 3861 er-

75 3893 142 3950 tikel
168 3909 227 3950 war
249 3907 299 3948 eun
324 3893 461 3963 Diogenes
483 3893 665 3950 einzusetzen
714 3897 745 3951 17
765 3895 814 3950 auf
835 3901 906 3950 ποιοῖ
927 3895 1004 3950 ίοίυτί
1031 3895 1075 3949 die
1096 3893 1299 3966 nberniefernng

75 3986 151 4052 ποιεῦ,
180 3983 225 4039 die
248 3983 277 4037 in
301 3982 442 4039 einzelnen
464 3983 670 4040 handschrifnen
698 3983 726 4038 in
753 3989 911 4058 ποιησαίμην
937 3986 1078 4053 πονήσαιτο
1101 3983 1234 4054 ςολυδθῐί
1255 3984 1298 4041 ist.

78 4075 109 4130 20
128 4081 153 4130 τί
167 4073 240 4129 habe
258 4072 305 4126 ich
324 4079 391 4128 stete
409 4074 458 4129 dee
476 4075 646 4143 gewnhnlieh
659 4079 809 4144 ergnnzten
827 4073 858 4129 ὀυ
871 4075 1023 4144 eingeeetzt
1041 4073 1097 4130 und
1110 4074 1164 4130 den
1182 4079 1239 4130 τετε
1258 4075 1299 4131 ele

77 4162 151 4234 fruge
170 4162 281 4234 genesen,
300 4163 360 4218 weil
379 4164 437 4220 dies
456 4164 501 4221 die
519 4164 665 4220 leiehteste
684 4165 827 4232 anderung
845 4165 889 4220 iet.
