3016 4858
234 211 297 276 104

231 405 313 470 quae
351 405 449 469 snpra
486 387 526 452 de
564 386 668 454 Gellio
707 385 871 453 Clemente
907 385 1085 470 Porphyrio
1127 385 1224 468 attigi
1263 383 1450 467 complenda

231 493 389 561 videntur.

631 775 661 816 a.
681 759 724 816 Do
742 759 843 818 Gellio
861 759 893 816 ot
911 759 1048 817 Laertio.

322 923 359 988 Α.
385 925 437 989 Ge
447 923 543 988 llius
559 921 721 1006 [Noctium
738 922 916 988 Atticarum
929 923 1004 986 XIV
1017 922 1051 1006 6]
1068 922 1268 1004 omnigenam
1284 922 1448 988 historiam

234 1031 383 1096 Favorini
407 1035 576 1113 postquam
599 1029 754 1111 perlegit,
779 1029 926 1094 doctrina
949 1030 1056 1111 operis
1080 1029 1320 1112 obstupefactus
1344 1031 1447 1096 statim

234 1155 411 1220 properans
427 1137 567 1202 reddidit
581 1137 737 1219 dixitque:
756 1134 870 1200 “draro
886 1135 934 1216 σύ,
956 1134 1139 1201 doctissime
1152 1135 1317 1210 uirorum,
1343 1134 1449 1220 vadiqr

234 1243 288 1329 τῆς
308 1244 521 1326 πολυμαθίας
536 1248 568 1310 el
580 1241 704 1308 librum
719 1243 810 1310 lium
824 1241 1113 1330 opulentissimum
1130 1241 1235 1330 recipe
1249 1243 1303 1308 nil
1309 1252 1449 1330 prorsas

233 1349 281 1414 ad
300 1355 431 1414 nostras
446 1350 669 1436 paupertinas
690 1349 819 1415 litteras
838 1355 1083 1435 congruentem.
1115 1351 1206 1414 Nam
1222 1372 1311 1416 meuc
1325 1352 1446 1420 avocas,

234 1477 319 1542 quas
341 1454 543 1520 instructum
571 1461 792 1544 ornatumque
821 1455 895 1530 isti,
925 1457 966 1520 de
993 1479 1062 1522 uno
1090 1455 1239 1522 proximo
1267 1456 1327 1523 illo
1355 1479 1448 1522 versu

236 1559 382 1628 Homeri
406 1567 586 1648 quaerunt,
623 1583 719 1647 quem
747 1562 896 1630 Socrates
916 1569 1003 1649 prae
1029 1562 1182 1629 omnibus
1208 1571 1334 1651 semper
1361 1564 1450 1630 rebus

234 1667 550 1734 sibicordidicebal:
560 1666 628 1734 ὄττι
643 1693 693 1736 τοι
704 1667 741 1736 ἐν
752 1667 918 1755 μεγάροισι
929 1667 1031 1735 κακόν
1045 1670 1073 1733 τ’
1083 1665 1218 1749 ἀγαθόν
1232 1694 1267 1735 τε
1277 1669 1449 1736 τέτυκται.”

237 1777 365 1860 ‘Liquet
388 1776 514 1858 igitur,
543 1777 649 1857 aiunt,
679 1777 778 1842 ‘nulla
800 1777 865 1841 alia
893 1796 931 1842 ex
954 1777 1124 1858 omnigena
1146 1777 1284 1852 historia
1305 1783 1450 1858 excerpta

236 1885 269 1950 iu
300 1883 455 1950 Noctibus
482 1884 599 1950 Atticis
628 1885 734 1950 inesse
768 1884 830 1950 nisi
864 1903 947 1966 quae
982 1885 1088 1966 capite
1122 1883 1178 1949 illo
1216 1883 1452 1967 comprehendit

237 1991 370 2058 Gellius,
411 1991 529 2069 Quodsi
553 2009 778 2074 nonnunquam
801 1991 843 2056 ad
866 1991 1016 2056 Favorini
1039 1991 1110 2072 ipsa
1132 1990 1232 2056 verba
1253 1996 1449 2074 provocatur,

236 2099 316 2164 haee
347 2103 404 2164 aut
431 2117 469 2164 ex
498 2117 644 2164 sermone
673 2103 801 2180 sumpta
830 2103 905 2163 suut
932 2103 990 2162 aut
1017 2115 1056 2162 ex
1085 2097 1149 2162 alio
1172 2098 1242 2164 eius
1264 2097 1347 2163 libro
1372 2097 1449 2163 velut

237 2206 340 2287 tropis
367 2204 561 2288 Pyrrhoneis
592 2210 626 2271 et
652 2205 1009 2288 apomnemoneumatis'
1042 2203 1094 2288 [ci.
1119 2205 1150 2272 X
1176 2208 1231 2286 12,
1263 2208 1383 2271 9-10
1406 2203 1451 2268 ‘dc

239 2310 385 2378 columba
419 2311 612 2396 Archytae}
667 2313 817 2394 Speciosa
851 2311 945 2392 haec,
981 2318 1015 2378 at
1050 2331 1088 2378 ex
1122 2311 1204 2378 falsa
1232 2313 1272 2378 de
1301 2313 1396 2378 Gellii
1423 2311 1450 2374 iu

240 2417 407 2484 scribendo
441 2419 566 2484 ratione
600 2424 790 2502 propagata.
848 2419 1058 2486 increbuerat
1091 2419 1188 2486 Gellii
1227 2425 1335 2486 aetate
1374 2415 1451 2500 apud

241 2525 415 2606 scriptores
453 2529 487 2590 et
525 2545 657 2607 graecos
698 2531 732 2592 et
769 2527 887 2592 latinos
926 2526 1105 2592 doctrinam
1149 2533 1183 2592 et
1220 2528 1451 2610 simplicitatem

241 2632 434 2698 ementiendi
473 2634 678 2700 cousuetudo.
740 2633 837 2700 (iuius
875 2635 1010 2699 rationis
1048 2635 1211 2716 imperitia
1248 2635 1311 2700 dici
1349 2632 1453 2716 nequit

241 2743 395 2822 quantum
429 2740 587 2805 universis
625 2742 827 2824 antiquitatis
866 2741 982 2806 studiis
1016 2741 1169 2808 nocuerit.
1228 2743 1333 2808 Hodie
1367 2759 1452 2806 nemo
1495 2775 1496 2778 π

242 2865 339 2912 sanus
363 2846 503 2928 dubitat,
533 2867 572 2914 ex
595 2869 658 2931 quo
683 2867 752 2914 cum
776 2848 816 2914 de
839 2847 912 2913 aliis
935 2853 1002 2913 tum
1026 2849 1066 2914 de
1089 2849 1160 2931 ipso
1185 2849 1290 2916 Gellio
1314 2851 1362 2915 rei
1385 2845 1452 2930 quid

243 2955 286 3020 sit
309 2953 504 3036 patefactum
528 2961 587 3023 cst.
635 2957 746 3039 Neque
774 2955 874 3037 igitur
902 2975 965 3038 quo
996 2956 1070 3022 novi
1099 2957 1177 3038 quid
1199 2955 1376 3038 proferam,
1403 2951 1452 3018 sed

243 3067 279 3128 ut
307 3061 395 3127 illam
424 3063 464 3128 de
492 3064 662 3146 omnigena
688 3063 824 3128 historia
856 3062 953 3128 Gellii
981 3063 1182 3128 historiolam
1211 3063 1252 3130 ad
1283 3061 1451 3144 eucarpium

244 3187 375 3250 prorsus
419 3187 593 3252 congruum
635 3172 756 3253 possim
799 3171 943 3252 exigere,
991 3169 1130 3252 lepidam
1169 3171 1329 3254 quandam
1367 3165 1453 3235 Gellii

244 3273 387 3340 fraudem
410 3273 622 3358 narrabo¹¹¹).

334 3379 412 3446 Cum
436 3382 607 3448 eGraccia
621 3383 826 3448 Brundisium
850 3401 997 3450 reversus
1021 3383 1145 3449 Gellius
1168 3385 1200 3450 iu
1224 3391 1321 3466 portu
1344 3382 1453 3466 spatia·

245 3493 344 3569 retur,
369 3487 471 3556 iasces
487 3489 641 3556 librorum
656 3489 815 3556 venalium
831 3491 911 3556 vidit
935 3491 1097 3573 expositas
1113 3491 1269 3576 avideque
1292 3499 1330 3558 ut
1345 3494 1454 3558 emeret

246 3596 389 3660 accessit.
430 3596 532 3662 Erant
555 3598 609 3662 isti
632 3597 706 3662 libri
723 3617 833 3662 omues
856 3599 964 3679 graeci
978 3599 1203 3664 miraculorum
1224 3598 1454 3679 fabularumque

247 3703 351 3786 pleni,
386 3721 439 3769 res
472 3704 636 3772 inauditae
664 3705 860 3785 incredulae,
898 3707 1071 3788 scriptores
1100 3711 1226 3772 veteres
1254 3725 1317 3772 nou
1349 3719 1454 3789 parvae

248 3811 451 3876 auctoritatis
467 3811 612 3878 Aristeas
627 3813 860 3880 Proconnesius
881 3818 915 3879 et
929 3813 1076 3896 Isigonus
1091 3813 1278 3880 Nicaeensis
1293 3819 1327 3880 et
1343 3811 1454 3880 Ctesias

321 4057 371 4127 ¹¹¹)
389 4057 429 4112 Gi.
448 4057 651 4114 Kretzschmeri
674 4059 737 4116 diss
764 4060 866 4130 Gryph.
889 4061 931 4116 ‘de
954 4061 1018 4117 Auli
1042 4061 1123 4116 Gellii
1150 4059 1273 4116 lontibus
1296 4061 1326 4116 l'.
1362 4061 1451 4116 Porus·

250 4145 310 4202 niae
333 4149 399 4202 1860
417 4163 443 4217 p·
465 4149 496 4202 13
516 4163 573 4217 sqq.
