3016 4858
1225 206 1288 268 119

74 385 172 448 omnia
194 384 319 448 Flaehii
347 389 545 464 argumenta.
576 417 615 428 -
642 380 882 446 Abstinebimus
905 379 1080 446 llaehiana
1103 380 1288 463 opinatione

73 491 122 570 qui
144 509 290 555 curamus
314 491 493 554 veritatem.

153 597 202 662 Ad
225 596 452 662 Nietzseheum
474 600 629 676 revertor,
654 614 716 678 quo
741 593 899 675 corrigam
922 611 1005 676 quae
1029 594 1159 659 errarit.
1208 593 1287 659 Sub-

73 703 247 768 stitueudus
275 704 360 768 enim
388 704 512 768 Laertii
541 708 654 768 auctor
682 721 741 784 pro
765 701 930 766 Demetrio
958 705 1009 766 est
1031 700 1224 782 Favorinus,
1253 701 1287 766 id

71 809 149 890 quod
165 810 215 875 vel
230 815 418 892 perreptato
435 810 495 876 hoo
507 811 638 876 testium
651 809 763 874 ordine
775 806 983 874 confirmatur
994 805 1047 890 [ei.
1062 806 1287 873 NIetzseheum

72 935 99 996 p.
117 918 191 981 224:
217 917 307 982 Sotio
335 917 531 999 Hermippus
558 916 699 982 Phanias
727 914 911 980 Timotheus
939 915 1125 980 Demetrius
1153 914 1287 998 Magnes

71 1021 279 1102 Apollodorus
309 1023 473 1089 Neanthes
502 1023 636 1106 Satyrus
665 1023 775 1088 Aristo
804 1023 954 1088 Timaeus
985 1021 1190 1104 llippobotus
1222 1023 1287 1088 He·

69 1128 200 1194 raelides
235 1129 333 1194 Duris
363 1129 545 1196 Alexander
579 1129 763 1212 Polyhistor
790 1129 975 1212 Aristippus
1009 1128 1095 1213 etc.].
1142 1128 1288 1211 Adparet

70 1234 162 1298 etiam
188 1255 284 1317 quem
315 1237 424 1302 omisit
452 1236 661 1302 Nietzscheus
690 1235 923 1318 Thrasyllus
958 1234 1010 1318 [ei.
1036 1235 1143 1300 Laert.
1167 1235 1214 1300 lll
1243 1239 1283 1300 41

70 1339 151 1406 Suid.
172 1361 196 1407 s.
214 1363 242 1408 v.
261 1339 483 1428 Δημόκριτος].
525 1343 628 1422 Quid?
652 1342 854 1425 quodmodo
877 1340 987 1423 paullo
1011 1342 1167 1408 attentius
1190 1361 1285 1424 quam

68 1447 180 1513 iactum
215 1453 266 1514 est
300 1468 320 1512 a
354 1448 543 1514 Nietzseheo
583 1448 726 1532 inquiras
764 1448 865 1531 ipsius
904 1448 1092 1530 omnigenae
1130 1448 1286 1516 historiae

68 1555 267 1637 recuperabis
290 1556 490 1622 memoriam:

151 1661 257 1727 Laert.
282 1663 314 1727 Π
340 1666 355 1726 1
381 1661 436 1725 καὶ
461 1664 586 1749 πρῶτος
610 1661 874 1746 [Anaximander]
897 1659 1051 1745 γνώμονα
1074 1654 1156 1745 εὗρε,
1178 1661 1287 1728 καθά

69 1786 152 1854 φησι
168 1769 396 1854 Φαβωρῖνος
420 1768 460 1834 ἐν
482 1769 720 1858 παντοδαπῇ
738 1767 900 1854 ἱστορίᾳ.
941 1767 1027 1834 Suid.
1046 1787 1070 1834 a.
1089 1787 1145 1836 v..
1160 1766 1285 1848 ..γνώ-

67 1875 195 1954 μυνάτ’
222 1873 391 1959 εἰσήγαγεν
415 1875 467 1958 [ss.
493 1876 565 1940 adn.
594 1875 680 1958 122}

151 1982 237 2048 Suid.
262 2001 288 2048 s,
313 2003 342 2048 v
369 1979 527 2048 Πλάτων·
555 1982 672 2067 ἐτέχθη
702 1981 731 2046 δ’
761 1979 797 2046 ἐν
821 1977 943 2068 Ἀἰγίνῃ
977 1978 1014 2044 ἔν
1048 1979 1084 2072 τῇ
1111 2003 1156 2066 rap
1187 1976 1285 2066 ὄλυμ-

69 2087 442 2154 ulada=l¹avorinus
466 2088 588 2173 [Laert
565 2088 661 2154 tIIl
684 2087 728 2172 3].

150 2195 295 2277 Denique
324 2213 550 2276 commemoro,
581 2194 667 2277 quod
689 2192 876 2260 AristoteIIs
906 2193 974 2260 vita
995 2193 1285 2276 Hesychianaa

67 2298 208 2382 lienagio
233 2300 321 2364 edita
344 2301 502 2366 Favorino
526 2305 610 2366 tota
633 2318 732 2382 supra
754 2305 805 2365 est
828 2300 998 2366 vindicato.

149 2407 195 2472 Ειι
218 2407 378 2490 Hesychio
401 2425 501 2472 novos
524 2408 675 2473 Favorini
698 2411 848 2474 auctores
870 2407 1032 2472 lucramur
1055 2406 1247 2474 Laertianos

107 2513 257 2580 Phaniam
334 2513 366 2578 11
402 2515 442 2578 65
467 2514 548 2579 conl.
575 2515 674 2581 Suida
775 2533 799 2580 s.
824 2534 852 2580 v.
872 2513 1089 2599 Ἀρίστιππος.

105 2621 313 2705 phlegontem
336 2621 362 2702 Ι,
378 2624 437 2685 111
465 2621 699 2706 [Epimenides]
775 2641 799 2688 s.
825 2640 852 2686 v.
878 2619 1000 2706 Θαλῆς.

105 2727 302 2812 Aristippum
338 2727 365 2792 V
412 2729 431 2790 9
773 2746 797 2792 s.
822 2746 851 2794 v.
877 2729 1094 2814 Θέοφραστος.

85 2833 246 2917 Epistulas
289 2833 617 3038 Epimenidis}164.
646 2833 749 3036 lla]
773 2905 797 2950 s·
822 2905 851 2949 v·

292 2939 437 3006 Cleobuli
526 2941 542 3004 1
566 2940 607 3004 93

146 3047 194 3112 Ad
218 3045 314 3114 finem
338 3047 432 3112 huius
456 3045 685 3130 disputationis
708 3049 898 3128 perventum
922 3041 1047 3128 est¹²³).

130 3240 179 3310 123)
197 3241 369 3312 Pythagorae
390 3239 447 3292 vita
465 3239 639 3308 Hesychiana
658 3237 703 3310 [of.
723 3238 806 3294 schol.
825 3237 894 3292 Plat.
913 3253 971 3308 rep.
990 3239 1043 3292 600
1055 3237 1086 3290 Β.
1118 3236 1193 3292 Suid.
1213 3253 1234 3290 s.
1254 3254 1279 3291 v.

67 3331 231 3401 ητναγὸρας]
256 3345 317 3383 oum
335 3327 446 3382 Laertio
465 3327 493 3380 in
511 3327 649 3396 plerisque
668 3328 822 3382 concordat.
859 3325 987 3380 Laertius
1006 3324 1097 3379 omisit
1115 3325 1208 3391 ἤκουεν
1226 3330 1280 3380 εἷτα

62 3413 190 3488 Ἀβάριντς
212 3419 258 3472 τοῦ
271 3415 457 3488 Ὑπερβορειόν
480 3419 526 3470 καὶ
545 3417 665 3486 Ζάραττς
683 3419 727 3471 rori
744 3416 850 3488 μάγον,
874 3421 1019 3484 praeterea
1037 3411 1051 3481 ἢ
1070 3411 1106 3475 ὥς
1123 3433 1189 3476 τινες
1207 3413 1280 3481 111νὴ-

66 3523 161 3578 suppos,
180 3505 299 3578 θυγάτηρ
318 3508 347 3560 δι’
360 3511 444 3574 Μυῖα,
463 3505 478 3570 ἢ
496 3503 531 3568 ὥς
549 3525 616 3567 τινες
631 3505 780 3578 Ἀριγνώτη.
811 3504 871 3558 ‘Die
890 3503 973 3558 leuto
991 3503 1066 3558 notin
1084 3503 1193 3573 [Rohde
1210 3519 1279 3560 mus.

66 3591 133 3649 rhen.
151 3596 273 3652 XXXIII
291 3612 318 3663 p.
338 3597 389 3650 205
408 3593 446 3664 ιι]
471 3593 507 3648 ist
532 3593 730 3664 eingeschohen
752 3608 802 3647 aus
820 3591 990 3661 Porphyrius
1009 3609 1034 3648 τ.
1051 3592 1133 3661 Pyth.
1152 3591 1169 3662 ἓ
1188 3595 1214 3661 4,
1234 3593 1278 3648 dio

67 3683 174 3740 anderen
192 3684 305 3738 notiaen
322 3689 419 3752 mogon
437 3698 487 3737 aus
505 3682 555 3737 der
570 3697 621 3738 uns
636 3681 667 3750 ja
684 3698 737 3736 nur
755 3681 941 3736 verstdmmelt
960 3680 1153 3750 vorliegeuden
1171 3680 1229 3734 vita
1247 3682 1277 3736 P.

67 3768 107 3824 des
117 3772 249 3842 Porphyr.
269 3769 400 3826 ebeufalls
419 3771 573 3826 abauleitan
591 3769 667 3826 aein'.
697 3768 796 3826 Nescio
808 3783 858 3822 our
869 3768 1023 3824 mutilatam
1034 3768 1181 3840 Porphyrii
1194 3769 1277 3824 vitam

67 3867 165 3916 censeat
177 3851 320 3929 Rohdena;
339 3875 401 3915 nam
420 3860 493 3929 quod
512 3859 586 3916 eadit
604 3859 632 3914 in
651 3859 724 3914 vitae
743 3857 867 3913 exitum
886 3856 959 3913 idem
977 3857 1194 3914 transferendum
1212 3874 1277 3913 nou

67 3955 102 4000 est
118 3949 144 4003 in
162 3950 326 4005 nniversam.
363 3949 442 4005 Adde
461 3948 534 4018 quod
547 3947 716 4018 Porphyrius
734 3963 788 4002 non
806 3947 840 4002 ab
852 3945 990 4017 HesychIo
1009 3946 1056 4002 sed
1069 3961 1086 4000 a
1099 3945 1184 4001 Saldo
1202 3961 1275 4002 eom·

67 4035 162 4100 pilatus.
199 4039 244 4094 Ad
263 4037 410 4107 Porphyrii
435 4045 463 4094 et
481 4037 586 4094 laertii
607 4042 746 4093 auctorem
766 4035 956 4107 [FavorInnm]
981 4035 1005 4091 si
1028 4032 1164 4104 somogia,
1186 4035 1277 4092 omnia

66 4122 135 4188 plana
151 4135 214 4183 suut
232 4132 262 4182 et
280 4126 415 4195 expedita.
