3016 4858
231 209 294 274 164

317 386 439 452 Vereor
473 402 514 450 ne
555 383 704 466 gemeus
739 382 828 450 fiam:
870 389 961 452 teoto
996 403 1094 468 opere
1131 386 1222 452 iuvet
1257 390 1362 452 lecum
1393 404 1441 468 per

229 493 428 576 epistolicam
463 491 647 558 libertatem
683 491 842 574 conloqui.
900 510 960 559 neo
989 497 1098 559 temen
1131 491 1211 558 mihi
1245 497 1371 576 tempus
1401 499 1442 558 est

228 600 389 668 scribendi
404 599 607 682 neclegendi
622 600 691 666 tibi.
728 618 780 665 me
804 598 943 666 olfioium
965 601 999 666 in
1022 605 1128 668 artum
1144 600 1314 667 cottidiani
1336 601 1441 666 loboris

229 726 341 790 gyrum
365 713 509 774 revocet:
534 706 595 772 tibi
618 706 696 772 loeti
719 707 847 774 moenie
870 707 980 774 mundi
1003 713 1225 791 oporterent.

316 816 471 884 Faustum
501 815 564 882 iter
595 814 655 882 tibi
683 815 847 897 adprecor.
900 817 1009 898 proice
1033 834 1206 898 parumper
1233 815 1392 898 Diogenes
1415 819 1442 878 et

228 923 435 1008 Favorinos:‚
459 924 492 988 in
527 923 683 990 lucidiore
717 927 870 990 aeternae
903 923 993 990 urbis
1028 941 1103 990 cere
1137 923 1294 990 excitabis
1328 922 1441 988 umbras

228 1032 329 1098 mullo
352 1031 527 1098 nobiliores
550 1049 647 1112 quem
670 1029 704 1096 hi
728 1036 803 1096 sunt
818 1031 1072 1113 vespertiliones.
1113 1029 1155 1096 ed
1169 1047 1229 1096 nos
1246 1031 1302 1113 qui
1318 1031 1351 1095 in
1365 1035 1441 1096 tene

227 1139 295 1206 brie
319 1157 484 1205 versamur
507 1143 683 1203 nocturnae
707 1155 782 1202 oves
809 1138 912 1220 magis
935 1137 1074 1204 lorteeso
1097 1136 1233 1216 lociunl3
1262 1153 1441 1220 quemquem

228 1245 326 1312 etiem
358 1263 416 1312 nos
445 1245 486 1310 ed
514 1244 652 1310 laetiore
680 1244 823 1310 redimus
852 1238 875 1325 ᾇ
909 1242 945 1309 τὸ
978 1243 1132 1319 κάταντες
1163 1243 1258 1309 τοῦτο
1286 1243 1441 1328 γεωλόφον

228 1359 265 1416 ατ
298 1375 331 1416 τε
363 1363 505 1434 μυρῖκαι.
569 1351 706 1433 denique
744 1351 816 1418 vole
851 1355 885 1418 et
924 1352 1008 1418 siout
1048 1369 1108 1434 ego
1149 1352 1199 1418 tui
1231 1369 1352 1418 memor
1384 1368 1439 1418 ero,

228 1465 368 1537 fortasse
390 1479 454 1526 non
478 1460 548 1524 sine
571 1458 747 1540 desiderio,
776 1460 824 1526 ilo
846 1465 882 1526 tu
909 1459 976 1525 noli
999 1459 1128 1542 quidem
1151 1459 1335 1526 desiderare
1361 1457 1440 1540 quid·

228 1584 323 1648 quom
347 1584 454 1632 coram
477 1566 553 1632 Iove
577 1565 759 1648 Capitolino
776 1567 984 1650 Minervaque
1001 1566 1143 1648 Poliade‚
1168 1571 1204 1634 ol
1226 1566 1293 1633 noli
1310 1562 1440 1633 oblivisci

229 1679 337 1740 lemen
361 1674 473 1740 nostri.

317 1779 442 1846 Dabam
464 1780 511 1846 Id.
536 1779 595 1846 Iul.
