3044 4860
554 229 575 272 ι.
600 228 813 270 momm-
1253 208 1295 271 75

152 378 344 464 ἐλευθέριός
376 403 412 446 τε
444 379 489 446 τόν
521 381 577 446 καί
605 378 919 468 ἀφιλαργυρώτατος
953 383 1000 456 είς
1027 381 1086 456 τὰς
1115 371 1297 464 όργυρικοὶς

63 485 191 560 δείξεις
214 481 345 568 ἀπήντα
366 487 497 570 πρῶτος
523 485 580 550 καί
602 484 661 550 ἐπὶ
690 486 750 570 τήν
766 483 999 570 Ἀρχεκράτους
1026 483 1082 548 καλ
1110 482 1297 568 Καλλικρά-

61 611 142 664 τους
163 587 222 662 τάς
244 593 419 671 χρυσιαίας
441 588 568 664 παντός
596 587 737 654 ἔσπενδε
759 587 895 672 μᾶλλον.
947 599 1079 668 συχνοῖς
1104 611 1140 651 τε
1161 586 1296 672 ἐπήρκει

63 693 123 755 καί
148 691 360 778 συνηράνιζε·
383 697 440 756 καί
462 696 546 758 ποτέ
566 715 657 768 τινος
679 689 898 776 ἀργυρώματα
919 690 1079 774 λαβόντος
1102 693 1149 766 είς
1172 687 1296 757 όποδο-

62 795 127 878 χήν
156 793 264 879 φίλων
292 796 348 859 καί
375 793 638 880 ἀποστεροῦντος
664 792 723 860 οὐκ
751 793 918 886 ἀπῄτησεν
945 788 1025 860 οὐδὲ
1053 795 1297 882 προςεποιήθη.

64 904 103 962 οἳ
128 898 168 960 δι’
196 915 301 982 φασιν
332 898 488 984 ἐπίτηδες
513 901 635 984 χρήσαι
663 899 718 962 καί
745 893 989 977 α’ποδιδόντος,
1023 898 1099 963 ἐπεὶ
1121 902 1223 984 πένης
1246 895 1297 984 ήν,

62 1005 289 1085 χαρίσασθαι.

155 1101 195 1188 ήν
216 1105 278 1188 μὲν
299 1101 358 1170 οὖν
380 1103 468 1192 αὐτῷ
491 1106 547 1170 καί
569 1106 606 1171 ἐν
630 1104 758 1191 Πιτάνη
781 1112 975 1190 περιουσία,
998 1099 1059 1190 (ἐφ’
1081 1102 1119 1191 ής
1141 1103 1299 1172 ἀπέστει-

63 1209 123 1272 λεν
150 1201 240 1294 αὐτῷ
262 1203 422 1294 Πυλόδης
450 1207 468 1275 ό
498 1206 660 1296 ἀδελφός,
696 1206 782 1274 ἀλλὰ
807 1211 863 1274 καί
897 1207 1046 1296 ἐχορήγει
1079 1205 1167 1294 αὐτῷ
1190 1208 1300 1274 πολλοὶ

65 1309 216 1396 Εὐμένης
237 1308 257 1376 ό
278 1315 337 1378 τοῦ
353 1313 569 1398 Φιλεταίρου·
592 1313 648 1378 διὸ
670 1311 727 1377 καί
749 1313 853 1399 τούτῳ
875 1312 966 1399 μόνῳ
988 1315 1054 1377 τῶν
1068 1311 1178 1377 ἄλλων
1199 1317 1298 1395 βασι-

65 1412 152 1480 λέων
173 1415 390 1502 προςεφιόνει.
426 1418 494 1500 (39)
518 1417 651 1482 πολλῶν
673 1417 710 1482 δὲ
733 1419 789 1482 καί
811 1417 869 1484 τόν
879 1415 1066 1496 Ἀντίγονον
1089 1417 1297 1501 θεραπευόν-

67 1541 134 1582 των
157 1519 212 1581 καί
242 1517 344 1584 ὁπότε
370 1515 445 1606 ήκοι
468 1517 691 1586 δπαντιόντων
716 1519 815 1596 αὐτὸς
837 1517 995 1606 ήσόχαζε,
1024 1524 1068 1605 μή
1096 1519 1298 1604 βουλόμενος

70 1625 322 1704 προεμπίπτειν
344 1625 391 1699 είς
412 1625 544 1706 γνῶσιν.
595 1622 691 1709 φίλος
712 1650 748 1688 τε
777 1621 818 1710 ήν
838 1623 984 1708 μάλιστα
1002 1620 1154 1708 Ἱεροκλεῖ
1175 1626 1220 1710 τῷ
1242 1623 1300 1708 τήν

70 1729 264 1806 Μουνιχίαν
291 1727 399 1808 ἔχοντι
432 1729 489 1792 καὶ
516 1729 574 1794 τόν
604 1731 762 1811 Πειραιᾶ·
797 1727 833 1794 ἐν
858 1753 894 1792 τε
921 1739 996 1804 ταῖς
1030 1725 1159 1812 ἑορταῖς
1186 1725 1299 1818 κατῄει

66 1829 153 1916 πρός
179 1825 280 1896 αὐτόν
308 1829 473 1898 ἑκάστοτε.
528 1833 584 1898 καὶ
613 1832 653 1918 δή
682 1834 738 1896 καλ
766 1833 875 1898 πολλὰ
901 1832 1026 1896 ἐκείνου
1049 1835 1300 1914 συμπείθοντος

68 1929 144 1996 ὥστ’
168 1929 396 1999 ἀσπάσασθαι
419 1934 477 2002 τόν
495 1934 695 2016 Ἀντίγονον,
719 1931 779 2002 συίι
801 1937 967 2021 ἐπείσθη,
997 1933 1068 2000 ἀλλ’
1100 1939 1160 2009 ἕως
1189 1933 1301 1998 πυλῶν

67 2035 180 2100 ἐλθών
212 2033 404 2124 ἀνέστρεφε.
458 2039 541 2123 μετό
573 2063 609 2104 τε
641 2041 699 2123 τήν
722 2037 911 2117 Ἀντιγόνου
945 2043 1133 2120 ναυμαχίαν
1167 2035 1301 2101 πολλῶν

68 2137 274 2224 προςιόντων
301 2143 357 2204 καί
386 2141 565 2207 ἐπιστόλια
595 2142 826 2228 παρακλητικὰ
852 2143 1045 2227 γραφόντων
1075 2137 1173 2215 αὐτός
1201 2137 1300 2204 ἐσιαί-

68 2265 185 2328 πησεν.
220 2240 288 2308 ἀλλ’
311 2241 370 2310 οὖν
392 2243 482 2331 ὅμως
504 2243 588 2331 ὑπὲρ
610 2249 666 2330 τῆς
689 2245 852 2330 πατρίδος
873 2245 1095 2330 ἐπρέσβευσεν
1118 2245 1165 2318 τίς
1182 2251 1300 2329 Δημη·

69 2347 190 2432 τριάδα
213 2349 297 2434 πρός
315 2343 506 2429 Ἀντίγονον
526 2353 582 2414 καί
606 2347 663 2414 οὐκ
686 2350 833 2431 ἐπέτυχε.

156 2453 195 2517 τό
217 2453 288 2518 πᾶν
309 2451 350 2538 δή
373 2452 539 2538 διέτριβεν
565 2453 601 2517 ἐν
622 2455 660 2544 τῇ
679 2449 882 2537 Ἀκαδημείᾳ
904 2449 961 2516 τόν
983 2451 1187 2534 πολιτισμὸν
1208 2450 1300 2514 ἐκτο-

72 2553 188 2628 πίζων.
245 2559 312 2636 (40)
340 2561 398 2620 καί
425 2580 507 2622 ποτε
536 2557 577 2642 δή
606 2557 663 2622 καὶ
681 2555 865 2642 Ἀθήνησιν
886 2581 906 2622 κ
928 2583 950 2622 κ
971 2583 992 2622 ιι
1020 2555 1122 2639 ἐντῷ
1148 2559 1302 2638 Πειραιεῖ

71 2657 155 2742 πρὸς
182 2657 242 2734 τός
271 2662 386 2734 θέσεις
412 2660 516 2739 λέγων
542 2659 728 2745 ἐχρόνισεν,
757 2663 887 2734 οίκείως
915 2659 999 2741 ἔχων
1025 2659 1110 2742 πρός
1128 2656 1300 2742 Ἱεροκλέα·

71 2761 121 2844 ἐφ’
145 2755 173 2846 ᾧ
195 2763 251 2825 καί
276 2761 360 2845 πρός
386 2786 488 2828 τινων
516 2762 710 2846 διεβάλλετο
741 2761 804 2850 (ὡς
827 2761 984 2848 φίλοχλος
1006 2763 1061 2826 καί
1089 2759 1299 2846 φιλόδοξος).

72 2863 219 2947 μάλιστα
247 2865 285 2930 δέ
311 2866 509 2932 ἐπετίθεντο
539 2863 626 2952 αὐτῷ
655 2866 688 2931 οἱ
716 2873 794 2951 περὶ
815 2865 1005 2951 Ἱερώνυμον
1031 2866 1090 2930 τόν
1112 2889 1300 2950 περιπατη·

74 2967 176 3044 τικόν,
206 2965 309 3033 ὁπότε
339 2967 477 3050 συνόγοι
499 2971 577 3045 τούς
598 2969 718 3054 φίλους
740 2972 788 3045 είς
813 2970 872 3055 τήν
892 2966 1090 3044 Ἀλκυονέως
1117 2973 1176 3034 τοῦ
1193 2967 1300 3034 Ἀντι-

73 3071 171 3150 γόνον
195 3069 269 3138 υίοῦ
291 3071 428 3157 ήμέραν,
458 3075 506 3148 είς
531 3071 570 3158 ἢν
593 3071 691 3139 ἱκανὰ
717 3071 870 3159 χρήματα
898 3071 1098 3138 ἀπέστελλεν
1116 3070 1301 3152 Ἀντίγονος

75 3173 157 3258 πρός
190 3169 393 3241 ἀπόλαυσιν.
453 3179 519 3257 (42)
553 3175 640 3242 ἔνθα
672 3177 728 3240 καί
761 3177 1025 3262 παραιτούμενος
1058 3175 1211 3241 ἑκάστοτε
1243 3177 1301 3252 τὰς

74 3275 317 3355 ἐπικυλικείους
339 3279 508 3366 ἐξηγήσεις
537 3279 621 3364 πρὸς
637 3275 825 3366 Ἀριδείκην
847 3275 1066 3367 προτείνοντα
1084 3303 1117 3344 τι
1140 3279 1301 3365 θεώρημα

76 3385 129 3446 καὶ
153 3381 312 3457 ἀξιοῦντα
340 3386 389 3460 είς
417 3381 496 3450 αὐτὸ
525 3385 651 3465 λέγειν,
686 3387 781 3450 εἶπεν
808 3382 902 3450 “cml
925 3381 1004 3448 αότδ
1034 3377 1129 3448 τοῦτο
1155 3383 1301 3467 μάλιστα

77 3487 280 3571 φιλοσοφίας
307 3487 414 3565 ἴδιον,
444 3489 481 3552 τὸ
508 3488 567 3553 τόν
592 3487 710 3573 καιρόν
732 3485 878 3553 ἑκάστων
906 3487 1149 3551 ἐπίστασθαι”.
1194 3489 1242 3562 είς
1264 3487 1301 3551 δὲ

78 3591 111 3653 τό
133 3587 400 3674 διαβαλλόμενον
428 3588 529 3658 αι’ποῦ
556 3590 717 3676 φίλοχλον
743 3591 799 3655 καί
826 3595 941 3675 Τίμων
966 3589 1055 3656 τότ’
1077 3587 1162 3654 ἄλλα
1184 3593 1300 3675 φησίν,

79 3691 157 3778 ἀτὰρ
181 3693 222 3779 δή
245 3697 302 3758 καί
324 3697 441 3762 τοῦτον
461 3695 520 3762 τόν
541 3692 682 3780 τρόπον·
706 3697 762 3778 (29
778 3697 837 3777 W.)

164 3873 198 3928 38
218 3869 263 3924 die
282 3869 356 3924 lente
375 3869 437 3924 sind
455 3871 507 3924 mir
520 3869 573 3925 alle
592 3869 759 3937 unbekannt,
778 3868 834 3924 und
846 3867 962 3924 welcher
978 3873 1022 3923 art
1039 3867 1085 3924 die
1098 3869 1193 3934 δείξεις
1203 3883 1301 3938 waren,

82 3959 152 4014 weiss
180 3959 226 4014 ich
254 3959 324 4014 auch
345 3958 432 4012 nicht.
477 3961 511 4016 39
530 3959 610 4016 einen
637 3959 822 4016 historischen
840 3965 1007 4014 commentar
1033 3955 1124 4012 liefert
1152 3958 1201 4012 der
1228 3965 1301 4014 erate

83 4063 185 4104 ειιατκ
216 4052 252 4104 40
271 4048 316 4102 die
335 4047 528 4118 aristippische
541 4047 647 4118 eiulage
667 4049 738 4104 oben
756 4065 778 4104 ε.
791 4051 833 4104 50.
864 4050 899 4103 42
915 4046 1062 4118 Ἀριδείκην
1080 4046 1125 4102 ich
1144 4046 1190 4102 sm·
1202 4046 1301 4118 Πρόδη-

82 4139 133 4208 λον,
152 4138 221 4194 nber
239 4137 288 4192 ihu
308 4137 359 4206 vgl.
378 4137 514 4196 Bncheler
531 4155 566 4194 zu
584 4137 727 4196 Philodem
745 4139 796 4194 σοί
811 4141 853 4196 20.
