3010 4866
401 577 475 644 III.
498 575 552 643 lte
573 574 743 642 Paron-tui
766 575 943 646 ludlclhus
964 576 1269 660 homonymorum·

310 756 446 822 Comtat
461 755 546 820 inter
561 773 672 820 omnes
687 761 847 838 quotquot
861 757 902 822 de
912 756 1079 822 laertiaui
1095 755 1203 836 operis
1214 751 1439 836 compositione

221 865 422 946 scripserunt
455 863 606 928 Parorini
639 861 755 942 libros,
791 865 993 946 omnigenam
1027 863 1196 928 historiam
1228 867 1263 928 et
1296 875 1440 944 apomne

220 977 436 1050 moneumata,
459 975 591 1051 praesto
613 968 712 1036 haime
727 971 791 1052 ipsi
806 971 953 1038 Laertio:
976 971 1011 1038 id
1030 970 1117 1053 quod
1131 975 1297 1036 asseverat
1312 967 1390 1034 nun
1404 965 1442 1030 53

218 1078 275 1164 [ci.
293 1077 518 1144 Xietrseheum
541 1095 621 1142 nnus.
637 1077 729 1144 rheu.
745 1078 854 1144 XXIII
878 1078 995 1163 [1868]
1018 1097 1049 1160 p.
1068 1077 1159 1161 652}
1197 1077 1343 1160 Uterque
1364 1074 1444 1140 liber

221 1186 368 1252 scatebat
390 1185 481 1250 varia
503 1184 651 1250 docmina
674 1203 746 1250 cum
768 1186 809 1250 de
832 1186 905 1252 aliis
921 1193 990 1252 tum
1005 1186 1046 1250 de
1060 1185 1261 1267 philosophis
1277 1183 1444 1266 explicata.

310 1293 403 1359 lEt
430 1293 465 1357 in
498 1294 927 1373 apomnemoneumatis
960 1293 1090 1375 quidem
1123 1293 1171 1358 ita
1204 1292 1379 1374 processit,
1414 1293 1448 1354 ut

221 1400 344 1468 nullum
372 1405 520 1466 seruaret
547 1400 692 1466 ordinem
722 1419 782 1466 uec
804 1401 961 1484 temporis
982 1418 1042 1466 uec
1063 1400 1236 1480 materiae,
1264 1400 1293 1466 si
1321 1398 1448 1481 quidem

222 1509 256 1574 iu
270 1507 355 1574 libro
368 1509 473 1590 primo
495 1507 536 1572 de
559 1506 683 1574 duobus
699 1508 844 1588 Pittacis,
869 1508 910 1574 de
924 1507 1133 1590 Xenophanis
1149 1525 1221 1574 cum
1236 1505 1449 1590 Pythagoreis

222 1616 400 1696 inimicitia,
424 1615 465 1680 de
481 1615 685 1696 Empedoclis
700 1615 832 1693 divium,
857 1616 897 1680 de
914 1615 1056 1682 Socratb
1072 1615 1243 1681 itineribus
1258 1619 1294 1680 et
1308 1614 1449 1692 crimine,

223 1725 264 1790 de
285 1723 432 1790 Platonis
455 1725 626 1802 seruitute,
656 1722 697 1788 de
719 1723 876 1788 Demetrii
898 1722 1048 1788 Phalerei
1070 1740 1189 1804 genere
1212 1722 1384 1802 disseruit,
1420 1721 1450 1786 iu

223 1832 327 1898 altero
350 1831 391 1896 de
414 1830 590 1896 Aristotele
613 1829 885 1914 Speusippeorum
908 1849 1042 1912 operum
1065 1835 1221 1912 emptore,
1245 1829 1288 1896 de
1311 1829 1450 1896 &aletis

222 1938 332 2022 lepido
360 1938 498 2021 quodam
526 1937 627 2016 dicto;
662 1939 696 2002 in
724 1939 825 2002 tertio
850 1937 891 2004 de
914 1937 1060 2004 Platonis
1081 1943 1188 2002 morte
1210 1943 1245 2002 et
1266 1937 1449 2020 Pythagora

224 2046 421 2112 athletorum
447 2045 616 2124 nutritore,
644 2044 685 2110 de
707 2045 850 2127 Alcyone
872 2045 1002 2128 dialogo
1029 2045 1322 2127 Pseudoplatonico
1352 2051 1387 2111 et
1414 2043 1449 2108 de

223 2171 359 2236 vespero
375 2151 586 2234 Luciferoque
607 2153 641 2216 in
664 2153 787 2235 quinto.
827 2153 992 2218 Accedunt
1015 2153 1158 2218 incertae
1182 2152 1269 2218 sedis
1285 2153 1447 2236 reliquiae

222 2261 293 2326 Iam
307 2261 465 2326 mittimus
480 2260 669 2342 Koepkeum
685 2248 798 2344 [dhar
813 2260 866 2326 die
882 2265 1019 2342 gattung
1035 2259 1093 2325 der
1109 2267 1449 2342 apomnemoueumata

224 2367 258 2432 iu
274 2368 333 2434 der
349 2365 468 2450 griech
482 2367 541 2432 lit‘
558 2385 666 2449 progr.
684 2367 743 2432 der
753 2367 1025 2433 Ritteracademie
1036 2387 1077 2432 zu
1091 2367 1330 2450 Brandenburg
1344 2367 1448 2451 1857}

225 2475 280 2558 qui
318 2479 422 2540 totum
456 2493 537 2556 opus
575 2474 616 2541 de
650 2473 786 2540 Platone
819 2473 920 2540 muse
953 2479 1079 2540 censet:
1116 2475 1309 2540 Nietrscheo
1345 2477 1448 2558 potius

224 2581 480 2662 adsentiendum,
504 2587 666 2664 excerpta,
690 2583 775 2647 sicut
790 2583 823 2647 iu
839 2581 976 2665 legendo
1000 2588 1093 2650 eraut
1116 2581 1212 2664 laeta,
1236 2584 1271 2648 in
1293 2583 1449 2650 conlecta·

224 2707 358 2754 ueorum
372 2689 629 2771 promptuarium
643 2695 716 2754 rato
732 2690 892 2755 translata
908 2708 990 2756 esse.
1021 2691 1183 2756 Utehatur
1197 2693 1231 2756 iu
1247 2709 1449 2773 apomuemo·

225 2797 386 2862 neumatis
401 2797 579 2862 Favorinus
593 2797 751 2862 Demetrii
768 2797 930 2879 Magnetis
945 2798 1021 2882 napi
1035 2793 1220 2880 ὁμωνύμων
1241 2797 1326 2864 libro
1351 2799 1381 2884 [Ι
1397 2797 1447 2882 79]

225 2903 431 2986 Theopompo
448 2903 509 2988 [III
521 2905 578 2988 40]
593 2905 770 2970 Aristotele
785 2905 858 2990 περὶ
872 2905 1016 2989 ποιητῶν
1031 2905 1093 2990 [ΠΙ
1104 2907 1161 2990 48]
1178 2906 1270 2971 Nicia
1282 2905 1449 2972 Nicaceusi

224 3009 262 3077 dr
289 3015 334 3098 τῷ
363 3008 447 3076 κατὰ
472 3009 647 3087 Πλάτωνος
676 3011 839 3098 διατριβῆς
861 3011 899 3078 ci.
925 3013 1011 3078 intra
1032 3033 1063 3096 p.
1081 3011 1198 3102 80]“).
1246 3013 1364 3081 Plures
1390 3033 1449 3080 non

225 3135 362 3184 invenio.

313 3225 355 3290 II
379 3224 510 3292 Plenior
525 3225 565 3290 de
581 3226 785 3308 omnigena
799 3225 975 3292 historia
988 3226 1082 3293 nohis
1097 3227 1281 3294 ldetaschei
1295 3227 1449 3296 beneficio

225 3331 344 3414 obtigit
366 3333 508 3414 cognitio
531 3338 566 3400 et
588 3335 768 3398 accuratior
791 3335 854 3400 etsi
876 3351 1080 3417 nequaquam
1102 3333 1248 3416 perlecta
1270 3335 1336 3400 inm
1357 3343 1449 3420 atque

225 3439 384 3506 conclusa.
423 3439 474 3504 Ex
487 3439 548 3504 hac
563 3439 747 3505 h'ietzsohei
762 3439 982 3522 disputatione
997 3439 1092 3524 [mus.
1108 3439 1198 3508 rheu.
1211 3441 1322 3508 XXIII
1338 3443 1449 3529 [1868]

225 3565 258 3628 p.
276 3547 477 3626 642-653,
521 3551 631 3612 cetera
667 3545 803 3630 leniora]
842 3549 984 3613 omnium
1021 3553 1181 3631 quotquot
1217 3548 1322 3614 edidit
1359 3551 1450 3634 longe

225 3652 506 3736 praestantissima
533 3651 750 3718 necessarium
779 3657 830 3719 est
858 3654 1017 3737 condigna
1043 3654 1128 3720 scitu
1156 3653 1314 3738 praefari,
1350 3661 1389 3724 nt
1413 3659 1451 3724 iis

295 3915 335 3985 ⁴⁶)
357 3915 469 3970 lncaute
488 3914 670 3972 Nietaacheaa
692 3933 720 3986 p.
738 3919 788 3973 651
809 3931 849 3986 eq.
873 3923 1023 3988 propterea
1045 3918 1120 3988 quod
1143 3919 1296 3976 Favorinus
1315 3929 1347 3977 et
1363 3922 1451 3980 Nicias

225 4004 496 4163 οχιιίιιιὲιιιὸίὸιὲιιῦἱιιιιιιΙ
510 4005 660 4062 Aristotele
682 4005 776 4075 posuit
796 4005 963 4064 Parofinum
985 4023 1020 4064 ex
1042 4006 1122 4064 Nicia
1141 4008 1266 4065 bauaima
1287 4009 1337 4081 [cl.
1355 4014 1451 4069 Athen.
