3010 4866
205 181 248 246 54

204 358 391 424 Lseraam:
424 357 605 424 adscribam
633 359 723 424 ahud
750 359 848 440 idque
875 359 1099 439 gramadum
1128 373 1168 418 ex
1193 354 1275 420 Iulio
1297 353 1427 420 l'alerio
1492 357 1493 440 l

205 464 365 529 derebus
385 464 561 530 Merandri
583 465 600 530 1
622 484 649 530 r.
669 466 709 530 13
734 464 782 548 [Ρ.
799 465 896 531 th.
913 464 961 528 111
983 483 1015 546 p
1033 462 1129 546 5841:
1151 463 1207 526 Dc
1225 483 1264 526 ea
1286 453 1493 545 [instita-

204 571 292 636 tione
320 571 495 636 Alexandri
523 573 646 656 magni]
672 571 709 636 si
732 571 861 657 quid
844 569 1018 656 iuquam
1038 567 1222 634 audiamus
1250 567 1352 640 aolus,
1381 571 1433 630 sal
1492 579 1493 584 ’

203 677 267 742 libi
296 677 395 742 lacior
426 678 537 742 auara
567 701 729 763 graccum
765 676 934 742 Fauorini
963 675 1088 740 lr'brum
1126 674 1190 760 qui
1224 673 1431 759 ‘omnigenae

203 783 371 850 hislorr'al
390 784 662 870 saphra-rabitur.
701 785 780 849 lllic
792 784 891 848 cluam
907 781 1105 848 Auxanum·
1116 779 1285 846 smoocris
1297 777 1428 850 sen'ear,

203 889 264 956 cui
269 889 410 976 generis
422 890 634 977 principium
653 891 860 977 procslr'lrssc
868 891 1002 975 sarua!
1016 891 1182 954 Oceanum
1200 895 1234 952 ol
1251 886 1429 958 lhcmllcor,

204 997 350 1084 cxr‘rrque
381 995 536 1085 fluxisse
576 1007 641 1083 pcr
677 997 854 1062 Acrisium
895 997 1126 1081 Danaumque
1168 1000 1266 1080 alque
1309 996 1431 1060 Pcrsco

204 1105 388 1190 multosque
417 1103 504 1168 alios
531 1103 569 1167 ia
598 1105 776 1170 Pcrdicme
800 1125 928 1188 garrera
959 1103 1012 1166 acl
1037 1100 1287 1186 Philipporum.
1338 1100 1430 1163 ahiam

206 1233 247 1275 ue
264 1209 461 1296 Olympiadi
472 1211 605 1296 qualem
621 1233 713 1276 acus
729 1219 881 1296 propago
895 1231 1059 1294 generosa
1075 1216 1142 1282 esl,·
1162 1229 1237 1272 cum
1252 1203 1432 1292 diligatam

199 1316 287 1403 pari
312 1340 333 1382 a
362 1317 487 1382 maadi
509 1317 682 1403 principio
705 1326 771 1403 por
792 1317 982 1382 &laurarum
1009 1322 1106 1402 alque
1135 1315 1332 1400 Neptunum
1363 1317 1433 1376 lam

205 1421 305 1488 elram
334 1423 512 1488 Telamona
535 1424 653 1488 scrr'em
672 1423 812 1509 gamo
832 1421 989 1488 adtexuit
1007 1423 1056 1487 od
1075 1421 1275 1507 tertiumque
1295 1419 1433 1504 Neopto·

205 1531 328 1594 lamam
362 1532 451 1596 doccl
477 1529 672 1617 prosapiam
707 1529 902 1616 defluxisse,
937 1529 1038 1594 cuius
1070 1549 1162 1594 uxor
1188 1527 1353 1613 Arrasafia
1384 1523 1433 1608 [l]

205 1642 310 1702 naar
335 1636 547 1724 Olympiadis
557 1637 650 1721 fail.

295 1745 352 1812 ΠΙ
377 1746 466 1824 Quae
502 1763 574 1810 cum
608 1745 655 1808 ita
691 1745 771 1822 siut,
807 1762 922 1808 noram
956 1743 1039 1808 hane
1068 1759 1212 1824 propono
1240 1739 1434 1804 sententiam

207 1853 406 1934 ‘omnigenae
438 1850 597 1916 historiae
631 1849 754 1914 iudices
783 1849 1047 1931 homonymorum
1081 1848 1192 1914 deberi
1222 1843 1433 1912 Laertianos'.

206 1959 244 2024 In
266 1963 418 2040 prompta
433 1963 483 2022 est
507 1957 622 2038 quihus
638 1958 837 2038 argumentis
861 1957 949 2022 illam
972 1957 1032 2021 sim
1048 1955 1310 2022 commonitores.
1344 1952 1434 2018 Com·

207 2066 329 2148 parabo
353 2085 424 2130 cum
440 2064 591 2128 Favorini
615 2064 697 2128 libro
715 2064 842 2145 qualem
857 2063 951 2128 nobis
974 2063 1123 2130 fiammae
1139 2063 1279 2128 indicum
1302 2059 1433 2126 iontem.

296 2191 326 2236 a.
352 2171 433 2238 ‘Non
455 2171 620 2236 htteratos
643 2176 769 2235 tantnm
793 2170 850 2236 sed
872 2170 996 2236 nobiles
1019 2170 1074 2234 ille
1089 2169 1234 2252 quisquis
1249 2165 1312 2232 luit
1325 2185 1435 2232 recen·

208 2278 274 2342 suit
295 2278 524 2360 homonymos'.
564 2277 742 2342 Favorinus
765 2279 851 2342 inter
873 2279 938 2342 aha
961 2277 1137 2358 scripserat
1158 2271 1438 2361 quotsuarint

208 2385 469 2470 Pythagorae
502 2383 658 2448 nabiles
689 2389 770 2469 qao!
793 2383 1029 2470 Hippocratae.
1081 2383 1185 2460 Quid?
1221 2379 1307 2462 quod
1337 2381 1436 2444 etiam

209 2497 321 2557 auctor
334 2492 457 2556 Laertii
468 2489 618 2555 nobiles
632 2490 1165 2576 qaotsuoriaththagaraa
1177 2489 1378 2552 enumerarit
1388 2481 1433 2566 ⁵⁷).

298 2598 329 2663 b.
356 2598 491 2663 ‘ludices
523 2617 562 2662 ex
590 2598 684 2662 docto
713 2597 851 2679 quodam
880 2596 1059 2678 biographo
1086 2615 1150 2659 nou
1179 2595 1272 2660 modo
1296 2594 1436 2676 philoso-

209 2705 345 2786 phorum
393 2706 530 2770 derivati
575 2701 719 2786 sunt'⁵⁸).
791 2703 907 2785 Copias
953 2702 1196 2784 doctrinamque
1239 2699 1435 2782 Omnigenae

282 2863 320 2934 57]
337 2863 472 2918 levitatis
490 2862 670 2918 Nietascheus
688 2861 841 2931 culpandus
859 2867 910 2928 est,
929 2860 1003 2930 quod
1020 2877 1047 2929 p.
1063 2862 1111 2916 197
1131 2859 1240 2914 scribit:
1258 2860 1297 2910 ‘F.
1317 2877 1372 2910 non
1390 2875 1437 2910 om·

210 2975 257 3007 nes
275 2959 322 3007 sed
345 2963 376 3005 ut
396 2958 478 3006 Gellii
493 2957 579 3005 aeroas
596 2957 727 3018 probatur
750 2955 847 3002 nobiles
870 2959 971 3002 tamar
990 2961 1015 3002 el
1034 2954 1159 3018 aequales
1179 2948 1364 3002 mmmm.
1399 2945 1436 3000 De

209 3043 415 3112 aequalibus
433 3041 505 3110 apud
526 3039 644 3095 Gellium
661 3039 742 3108 plane
761 3038 838 3092 nihil.

282 3131 321 3202 ⁵⁸)
340 3133 455 3186 Praeter
473 3128 643 3186 Demetrium
663 3134 691 3182 et
704 3127 872 3181 Favorinum
890 3129 951 3196 aspi
971 3123 1124 3198 iporiam
1143 3125 1254 3194 scripsit
1269 3123 1437 3196 ’.ιγερσιᾳῶιν

213 3221 305 3290 [codd.
325 3221 488 3292 'lypsaqoia
526 3216 560 3270 Ε.
584 3216 676 3270 liess'
674 3226 772 3286 Αγιρσι
774 3237 836 3285 «pur
854 3215 889 3270 oi.
908 3215 1071 3268 Volkmann.
1095 3230 1187 3283 progr.
1210 3213 1345 3268 Portease
1374 3212 1437 3270 1873

210 3326 237 3379 p.
256 3310 304 3366 XI.
341 3309 374 3362 E.
392 3307 491 3362 Rohde
511 3304 680 3376 ‘Hyperasia'
657 3305 779 3376 v.[mus
793 3305 870 3360 rhen.
882 3303 1001 3360 XXXIV
1021 3304 1115 3374 [1879]
1134 3319 1161 3372 p.
1175 3301 1260 3372 621¹]
1289 3301 1438 3358 suidas.

114 3440 124 3457 .
154 3399 157 3404 ’
207 3399 382 3460 Aaoiluiraoc
401 3399 487 3467 ἕτερος
507 3395 624 3456 Taureos
644 3389 791 3464 qsldooqoc
810 3394 936 3464 ιιιιτιρος
955 3415 1036 3466 γιγον
1037 3414 1073 3454 ως
1084 3393 1123 3446 la
1141 3392 1281 3462 Ἀδριανοῦ
1299 3411 1345 3446 roa
1367 3401 1438 3462 βασι

211 3493 275 3550 illoc
303 3485 343 3548 ὡς
368 3486 570 3558 Ἀγιρσιᾳῶν
554 3489 631 3538 riu
658 3485 697 3554 τῷ
725 3485 804 3553 aspi
831 3479 1029 3556 ὄμωνύμωι
1065 3481 1113 3536 Ex
1138 3497 1204 3536 uao
1226 3480 1437 3536 hoclocode

212 3576 415 3647 Agessiphonts
435 3607 468 3615 —
492 3573 521 3628 id
545 3573 618 3642 quod
641 3571 706 3628 lecit
730 3571 914 3628 Nietzscheus
942 3572 1022 3642 [mus.
1051 3571 1129 3626 rhen.
1154 3569 1246 3625 XXIV
1265 3585 1292 3638 p
1317 3569 1437 3638 halaq-1

211 3663 364 3732 probarunt
382 3659 428 3714 alii
448 3690 482 3699 -
501 3658 591 3714 lacere
611 3660 783 3716 coniecturas
802 3677 857 3716 non
875 3661 950 3716 licet.
971 3691 1002 3700 -
1022 3659 1067 3714 Ex
1085 3675 1179 3714 eorum
1198 3659 1260 3730 περὶ
1284 3655 1439 3732 ὁμωνόμων

212 3751 374 3820 scriptoram
394 3763 503 3818 genere,
528 3747 682 3816 exquibus
705 3757 768 3804 sunt
787 3749 944 3805 Demetrius
963 3749 1116 3804 Favorinus
1135 3746 1323 3818 Agessiphon,
1353 3747 1438 3803 secla·

212 3839 294 3894 dendi
313 3845 377 3892 sunt
395 3836 528 3906 Didymus
549 3843 576 3890 et
594 3837 767 3893 Ptolemaeus
785 3839 1010 3906 Hephaestionis,
1035 3838 1063 3892 id
1083 3837 1155 3906 qnod
1174 3853 1228 3892 uon
1247 3837 1390 3906 perspexit
1408 3835 1438 3888 D.

213 3927 400 3982 Volkmannos
418 3926 454 3980 ib.
468 3943 495 3994 p.
506 3925 594 3982 XVII.
625 3926 789 3997 Didymus
808 3929 879 3982 enim
896 3944 991 3982 eornm
1003 3933 1109 3982 tantum
1127 3925 1312 3980 nonnullos
1331 3941 1437 3995 compo·

214 4017 278 4084 suit,
297 4017 343 4086 qui
362 4015 435 4086 apud
455 4015 575 4070 scenicos
594 4031 706 4084 graecos
726 4025 910 4072 occurrerent.
940 4017 1156 4072 Ptolemaeus
1175 4013 1331 4069 Chennua
1349 4031 1437 4070 emen·

214 4105 282 4160 titus
300 4111 342 4160 ost
362 4104 547 4160 antummodo
566 4104 769 4160 homericarum
788 4105 903 4162 heroum
922 4105 1103 4176 cognomines.
1140 4102 1181 4160 Cf.
1195 4104 1276 4160 Phot
1294 4103 1364 4160 bibl.
1383 4101 1438 4160 cod.
