3010 4866
1267 224 1287 290 5

58 415 237 498 confutare,
274 419 461 501 praeplacet
488 419 620 483 nimium
650 417 728 482 mihi
758 419 821 500 ipsi
849 419 881 483 in
916 437 952 482 re
980 419 1149 484 manifesta
1184 417 1286 484 videri

57 543 151 608 quam
175 543 256 608 erga
279 525 503 592 Nietascheum
527 526 699 607 ingratum,
729 525 848 607 quippe
872 527 922 590 eui
947 525 988 591 ob
1019 526 1092 590 illas
1116 543 1196 608 quas
1220 527 1285 592 dixi

59 633 346 699 commentationes
375 651 426 697 me
456 633 593 698 sentiam
622 631 815 698 devinctum.
863 632 944 696 Nam
973 653 1036 715 quo
1060 639 1127 698 tom
1156 633 1286 715 vigebat

57 741 173 807 ardore
197 739 332 806 iuvenili
354 739 481 804 libellos
505 757 581 804 suos
604 739 652 803 ita
676 737 799 819 imbuit,
825 741 862 804 ut
884 740 1059 820 legentium
1085 741 1209 805 animos
1233 759 1285 806 ca-

56 849 124 930 piat
149 853 185 914 et
209 851 408 914 commoveat
431 851 528 929 atque
545 845 625 912 adeo
649 851 741 910 tanta
756 847 929 928 pertundet
953 848 1128 929 voluptate,
1153 853 1190 914 ut
1206 849 1286 914 vitia

57 954 348 1039 argumentationis
372 955 433 1019 nisi
457 958 551 1019 acute
574 953 714 1020 viderint
736 969 801 1019 uon
824 955 1006 1036 dispiciant.
1047 955 1090 1020 ut
1112 955 1191 1020 vitia
1215 957 1285 1038 qui-

56 1065 125 1129 dem
154 1083 195 1130 ex
227 1083 292 1129 una
318 1063 378 1128 hac
401 1081 437 1128 re
470 1063 577 1128 omnia
611 1061 705 1126 iacilc
739 1067 930 1143 repetuntur
970 1064 1069 1146 quod,
1107 1064 1184 1146 quid
1213 1083 1284 1129 esse

56 1171 167 1254 possit,
194 1172 273 1255 quid
296 1172 340 1236 sit
362 1169 546 1250 verisimile,
571 1169 649 1252 quid
672 1187 805 1252 prorsus
821 1171 1047 1250 necessarium,
1072 1187 1131 1235 neo
1147 1169 1180 1235 id
1203 1176 1284 1235 tem-

56 1280 142 1360 poris
167 1297 273 1361 neque
297 1297 437 1360 unquam
458 1277 640 1343 discernere
656 1257 772 1360 potuit,
797 1277 930 1359 profusa
945 1297 1059 1360 nempe
1084 1279 1192 1359 cupita
1215 1275 1284 1344 eid-

58 1389 160 1452 ciendi
190 1387 325 1452 libidine
348 1386 509 1450 interdum
534 1386 626 1468 quasi
650 1385 841 1450 caecutiens.
890 1385 1005 1450 Tribus
1030 1386 1158 1450 omnino
1184 1387 1284 1468 scrip-

57 1496 181 1561 toribus
211 1495 266 1559 ille
291 1494 455 1558 Laertium
484 1511 576 1558 usum
605 1511 676 1558 esse
700 1499 819 1573 censet,
850 1491 961 1557 Diocle
986 1493 1198 1574 potissimum,
1223 1493 1283 1558 Fa-

58 1604 181 1682 vorino,
214 1601 355 1684 sceptico
379 1600 530 1683 quodam3
560 1599 681 1666 Dioclis
704 1597 885 1685 ἐπιδρομὴν
907 1603 973 1666 τῶν
995 1597 1186 1684 φιλοσόφων
1211 1619 1283 1666 eorm

58 1710 88 1772 in
119 1715 228 1776 artum
260 1707 404 1790 coegisse
433 1707 634 1789 interpositis
665 1707 826 1773 nonnullis
859 1709 899 1772 de
929 1708 1086 1774 Favorino
1122 1707 1283 1789 decerptis

58 1816 320 1894 narratiunculis;
346 1815 558 1897 scepticorum
583 1815 720 1897 denique
737 1820 770 1880 et
785 1815 906 1897 placita
929 1821 963 1880 et
986 1815 1219 1880 successionem
1243 1816 1283 1880 de

60 1925 187 1990 serioris
212 1921 318 2006 aevu)
341 1923 498 2004 scriptore
520 1923 718 2003 provenisse.
765 1923 808 1988 Et
831 1922 891 1988 hoc
919 1923 1047 2005 quidem
1071 1939 1181 1985 verum
1205 1921 1283 1986 mihi

60 2033 192 2112 videtur,
218 2032 328 2113 priora
352 2037 447 2095 erunt
470 2029 599 2095 reicula.

144 2139 248 2207 Simul
283 2157 353 2204 cum
383 2137 574 2204 Nietzscheo
607 2137 663 2202 Fr.
695 2137 943 2202 Bahnsehius
977 2137 1210 2220 ‘quaestionum
1243 2137 1283 2202 de

61 2247 178 2313 Laertii
203 2247 360 2328 Diogenis
383 2245 525 2310 lontibus
549 2245 651 2310 initia’
678 2245 768 2330 [dise.
794 2245 1061 2328 Regimoutanam
1081 2245 1282 2310 Gumbinnae

65 2355 157 2442 1868]
189 2351 382 2436 conscripsit
409 2353 517 2418 sobrio
553 2358 711 2436 cautoque
746 2353 863 2418 iudicio
895 2353 1074 2434 conspicua.
1130 2349 1190 2429 Qui
1219 2371 1282 2417 non

61 2462 198 2527 universi
223 2462 330 2543 operis
355 2461 510 2543 originem
536 2461 657 2542 cupivit
680 2461 807 2542 aperire
832 2461 977 2525 sedtum
1003 2461 1148 2542 angustis
1174 2462 1282 2526 termi-

60 2569 106 2634 nis
129 2570 353 2652 quaestionem
382 2568 554 2649 continuit,
585 2571 622 2633 ut
645 2569 768 2633 Laertii
798 2569 991 2648 doctrinam,
1023 2569 1050 2633 si
1078 2585 1159 2652 qnae
1185 2573 1280 2649 esset,

62 2681 91 2740 et
112 2675 275 2742 scribendi
298 2677 456 2742 rationem
480 2675 655 2740 inlustrare
677 2675 776 2740 vellet
799 2675 961 2757 exemplis.
997 2675 1140 2758 Cumque
1163 2675 1281 2740 exami-

61 2787 133 2848 nata
160 2783 305 2849 locorum
335 2783 428 2866 copia
456 2781 672 2848 intellexisset
699 2801 759 2848 nec
787 2781 997 2864 philosophos
1026 2799 1086 2846 nec
1109 2781 1281 2848 historicos

61 2891 226 2972 perpaucis
250 2891 393 2972 exceptis
417 2891 481 2973 ipsi
504 2891 683 2956 innotuisse
707 2891 855 2970 Laertio,
887 2889 1012 2954 addidit
1035 2907 1117 2972 quae
1142 2889 1181 2954 de
1205 2889 1279 2954 libri

62 2998 287 3080 compositione
304 2997 365 3063 sibi
389 2997 563 3079 placerent.
604 2995 646 3062 Et
662 2999 815 3062 maiorem
832 2997 960 3079 quidem
984 3003 1109 3078 partem
1133 2998 1281 3079 aequasi

63 3103 297 3170 tundamentum
322 3123 360 3170 ex
384 3103 600 3186 compluribus
624 3105 762 3171 vitarum
784 3105 1032 3188 dogmatumque
1056 3103 1224 3168 breviariis
1248 3109 1281 3168 et

62 3213 363 3294 apophthegmatum
393 3213 643 3280 conlectionibus
672 3213 701 3278 ci
730 3213 857 3278 videtur
885 3213 1101 3276 construxisse
1130 3210 1219 3275 velut
1243 3229 1281 3275 er

63 3317 202 3386 Neauthe
237 3319 400 3402 Antigono
436 3319 613 3402 Hermippo
647 3318 819 3384 Heraclide
856 3317 974 3383 Lemho
1011 3317 1193 3401 [Σωτίωνος
1227 3317 1281 3380 καὶ

63 3425 202 3513 Σατύρου
232 3423 369 3510 eutropi
392 3425 430 3493 el.
456 3427 546 3492 Diels
570 3427 701 3509 doxogr.
732 3428 840 3510 graeci
863 3445 893 3509 p.
923 3429 985 3491 148
1010 3425 1072 3510 sq]
1118 3425 1280 3492 Susicrate

65 3533 247 3601 Antisthene
271 3533 454 3602 Alexandro
478 3533 680 3618 Polyhistore
709 3533 895 3616 Hippoboto
921 3533 1116 3616 Apollodoro
1145 3531 1280 3599 chrono-

64 3643 193 3725 grapho,
229 3643 386 3709 minorem
415 3661 453 3708 ex
483 3644 537 3723 iis,
569 3643 624 3725 qui
653 3641 741 3707 velut
771 3641 921 3706 Favorini
953 3639 1062 3706 Sabini
1092 3639 1279 3723 Pamphilae

126 3895 148 3964 ¹)
167 3893 325 3964 Scapticum
345 3893 411 3948 dicit
424 3893 613 3962 Nietzschcus,
634 3894 705 3964 qnod
723 3893 813 3964 prima
832 3891 902 3962 apud
917 3891 1057 3962 Laertium
1074 3891 1202 3960 loquatur
1215 3906 1278 3960 per·

65 3993 127 4036 sona
161 3983 194 4039 ld
213 3981 327 4038 falsum:
347 3999 402 4038 non
420 3983 544 4052 loquitur
562 3983 622 4053 ipsa
640 3984 688 4038 sed
707 3983 822 4051 loquens
847 3981 987 4036 inducitur
1008 3979 1082 4034 velut
1100 3979 1140 4034 IX
1159 3981 1193 4035 74
1213 4001 1278 4052 προ-

65 4071 191 4144 ratpoto
210 4076 247 4139 δέ,
272 4093 369 4144 φασι,
393 4073 439 4135 τὰς
462 4071 613 4144 ἀποφάσεις
636 4077 673 4135 εἰς
691 4073 805 4146 μήνυσιν
830 4073 873 4138 τῆς
891 4070 1088 4142 ἀπροπτωσίας.
1127 4069 1168 4125 De
1188 4071 1277 4126 Theo·

64 4157 130 4218 dorio
148 4163 252 4218 Laertii
271 4169 385 4218 anctore
404 4167 495 4218 actum
515 4169 564 4217 est.
603 4163 642 4218 Cl.
661 4179 752 4234 progr.
771 4179 797 4232 p.
820 4164 860 4218 10.
880 4159 1018 4216 Bahnsch.
1035 4175 1061 4230 p.
1082 4160 1124 4217 bd.
