3010 4866
1227 227 1268 294 65

135 407 280 491 Adposui
303 413 523 492 excerptorum
539 408 666 492 seriem,
690 429 754 494 qua
769 427 911 476 summae
927 408 1145 475 similitudinis
1160 427 1269 476 mone·

53 532 101 580 am
123 533 205 598 qnae
227 517 291 582 nisi
326 517 563 582 excommunis
599 515 698 583 fontis
733 537 793 583 usu
819 517 972 600 explicari
1008 518 1129 599 nequit.
1181 515 1274 582 Unde

52 621 176 708 iactum,
199 629 237 690 ut
252 625 347 692 modo
363 625 415 690 hic
430 624 525 690 modo
541 625 595 692 ille
611 625 754 708 largiora
769 625 920 692 exhibeat
934 624 1022 690 velut
1037 625 1077 690 de
1093 624 1272 704 itineribus,

53 730 234 796 testimonia
257 737 366 798 manen
389 733 497 797 omnia
519 733 686 813 Laertius,
720 733 875 815 Apuleius
904 733 945 798 ad
975 749 1028 811 ea,
1057 750 1139 814 quae
1171 731 1275 797 adhuc

54 838 291 920 assumpsimus,
327 839 458 904 nullum.
524 839 606 906 Ecce
642 841 828 906 testimonia
856 839 1041 905 doctissimo
1069 837 1116 904 illi
1151 839 1275 904 auctori

54 944 173 1012 debita:

95 1052 269 1118 Alexandri
292 1053 504 1136 Polyhistoris
812 1053 850 1118 dv
872 1052 1042 1136 διαδοχαῖς

96 1159 307 1226 Anaxilaidse
809 1159 883 1246 περὶ
904 1158 1097 1246 ςιίυσδφωυ

96 1266 334 1348 Apollodori
357 1266 411 1352 [de
427 1267 573 1333 Platonis
597 1267 648 1333 die
671 1266 787 1352 natali]
811 1267 848 1332 δν
870 1277 1028 1351 χρονικοῖς

97 1371 243 1440 Clearchi
811 1373 848 1437 ἐν
869 1374 914 1460 τῷ
939 1371 1114 1446 Πλάτωνος
1136 1369 1279 1458 ἐγκωμίῳ

97 1479 287 1546 Dicaearchi
814 1480 887 1564 napi
910 1483 990 1560 δίων

99 1585 314 1670 [Regebandri
811 1584 849 1652 ἐν
871 1584 1092 1670 ὑπομνήμασι]

99 1693 243 1762 Platonis
811 1693 848 1758 δν
864 1690 1092 1780 Ἀντερασταῖς

100 1799 273 1882 Speusippi
812 1799 849 1864 δν
873 1798 1047 1874 Πλάτωνος
1068 1795 1265 1882 περιδείπνῳ

101 1905 269 1989 Thrasylli.

143 2014 212 2080 Iam
240 2013 405 2080 uideamus
435 2031 518 2095 quae
546 2014 588 2078 ad
615 2018 743 2096 tempus
780 2019 814 2079 et
847 2031 963 2078 nomen
991 2011 1132 2078 auctoris
1162 2009 1279 2076 lucrati

61 2137 162 2186 sumus.

146 2231 174 2292 l.
199 2227 276 2292 Fuit
304 2225 360 2291 ille
383 2229 458 2308 post
481 2223 683 2308 Thrasyllum
707 2223 826 2291 Tiberii
856 2244 1007 2292 coaevum
1036 2231 1071 2292 et
1093 2229 1169 2292 ante
1193 2225 1280 2308 Apu·

62 2331 332 2419 leium[c.160].

146 2445 174 2508 2.
201 2440 435 2523 Apollodori
463 2439 504 2504 de
532 2438 678 2504 Platonis
712 2439 765 2504 die
792 2439 894 2504 natali
928 2439 1148 2505 testimonium
1182 2457 1281 2520 supra

64 2550 183 2616 ostendi
200 2547 244 2633 [p.
257 2547 314 2632 46]
328 2567 367 2614 er
376 2545 638 2628 homonymorum
652 2546 897 2611 Laertianorum
911 2547 1068 2628 scriptore
1079 2546 1279 2628 provenisse

64 2660 228 2738 utrumque
263 2655 305 2720 ad
338 2655 490 2720 Favorini
524 2655 623 2720 vitam
656 2653 802 2752 Platonis
835 2653 868 2718 in
904 2653 1092 2735 omnigenae
1126 2652 1282 2717 historiae

65 2767 170 2828 ooavo
193 2762 277 2828 libro
301 2759 354 2846 [ci.
379 2762 487 2826 Laert.
504 2761 552 2826 111
574 2759 632 2844 24]
655 2759 850 2841 descriptam
873 2778 932 2824 nos
955 2761 1102 2840 remittit,
1127 2759 1188 2824 hoc
1211 2777 1281 2824 cum

65 2869 252 2936 necessitate
277 2871 373 2951 cogit
1328 2937 1331 2948 ,

148 2977 179 3043 3.
203 2976 296 3042 Adde
319 2975 405 3058 quod
428 2973 546 3040 ibidem
570 2973 610 3038 de
634 2972 852 3040 Charmandro
868 2973 1014 3039 Platonis
1030 2979 1216 3040 accusatore
1240 2973 1282 3038 ad

65 3079 146 3150 illam
168 3083 289 3151 diserte
313 3083 362 3148 ita
382 3081 585 3166 provocavit,
616 3086 653 3146 ut
681 3099 810 3146 causam
838 3081 1051 3146 accusationis
1079 3087 1177 3163 atque
1201 3079 1281 3146 adeo

66 3192 278 3271 captivitatem
308 3207 476 3256 armasse
507 3187 684 3254 censendus
713 3188 756 3252 sit
779 3187 817 3252 cf.
842 3188 890 3252 ΠΙ
915 3191 955 3252 19
985 3184 1132 3262 κάκεῖνος
1154 3185 1281 3272 [Pollis]

67 3289 190 3374 ἆγυγιδν
212 3291 315 3364 αι’πδν
337 3299 382 3370 εἰς
397 3297 542 3377 Αἴγιναν
564 3293 778 3376 ἐπίπρασκον·
802 3292 854 3358 ὅτε
876 3294 930 3358 καί
952 3291 1173 3380 Χάρμανδρος
1195 3298 1283 3379 Χαρ-

68 3403 238 3487 μανδρίδου
264 3401 432 3490 ἐγράψατο
460 3396 550 3488 αὐτῷ
579 3401 670 3486 δίκην
697 3397 849 3466 θανάτου
876 3399 960 3466 κατὰ
988 3399 1049 3465 τὸν
1074 3403 1152 3487 παρ’
1174 3400 1284 3474 adrolo

68 3513 198 3575 τεθέντα
224 3509 330 3596 νόμον
357 3511 413 3574 τὸν
441 3508 568 3594 πρῶτον
590 3504 754 3590 ἐπιβάντα
772 3507 963 3593 Ἀθηναίων
984 3515 1021 3596 τῇ
1044 3506 1129 3594 νήσῳ
1152 3508 1284 3593 ἄκριτον

72 3605 304 3702 δπδδνήσκειν·
328 3611 368 3700 ἢν
391 3616 421 3679 δ’
443 3612 541 3690 ariade
562 3611 580 3678 ὁ
601 3617 673 3688 θείς
688 3612 744 3680 τὸν
759 3615 874 3700 νόμον,
897 3613 1010 3678 xasa
1033 3631 1126 3700 φησι
1149 3617 1284 3696 Φαβω-

75 3783 277 3799 Ἠ

74 3894 194 3956 iuraui
218 3904 260 3974 τῷ
282 3905 493 3973 πρεσβυτέρῳ
513 3903 678 3970 Διονυσίῳ
699 3899 949 3970 συγγενόμενος
972 3896 1215 3962 ἐκινδύνευσεν,
1240 3901 1284 3960 δίς

73 3990 97 4041 δὲ
121 3993 183 4062 πρὸς
206 3993 254 4047 τὸν
279 3991 408 4062 νεώτερον
430 3989 577 4046 Διονύσιον.
614 3987 717 4042 Locum
735 3985 946 4042 Wilemowitzio
968 3993 1107 4055 acceptum
1131 3985 1230 4042 resero.
1249 4019 1282 4028 -

75 4075 191 4135 Ceteram
209 4079 311 4150 Apulei
329 4089 358 4134 et
370 4078 475 4135 Laertii
493 4077 528 4132 de
547 4075 653 4144 primo
671 4076 771 4131 itinere
783 4075 1003 4130 narratiunculae
1017 4074 1185 4144 Hegesandri
1204 4077 1283 4132 redo-

77 4177 117 4220 elll
136 4171 306 4237 ιακοὴθιιαν.
1098 4211 1101 4218 r

119 4255 227 4312 Philoloss.
236 4257 435 4312 Ummohnnssan
445 4256 486 4298 111.
1086 4255 1103 4310 5
