3016 4858
228 201 290 264 148

228 378 363 466 eandem
388 381 499 442 namat
522 374 624 460 (apud
646 375 820 442 Eusebium
843 373 919 442 XIV
935 373 1025 460 738),
1049 381 1084 440 et
1105 375 1266 442 coloribus
1287 376 1355 442 suis
1376 375 1438 440 sine

226 483 322 548 dnbio
347 483 460 562 inbuit,
489 501 549 548 nec
571 489 680 548 tanen
703 482 751 547 ita
772 489 810 548 ut
838 483 922 550 idem
946 481 1079 549 subesse
1101 483 1205 566 possit
1226 488 1351 564 auctor,
1374 501 1440 548 nam

224 589 407 656 Carneades
434 589 484 654 ἐπ’
510 585 690 676 αὐτοφώρῳ
720 589 887 656 moechum
915 589 1141 672 deprehendit,
1169 589 1225 652 ael
1251 585 1441 670 mutatio

222 697 430 784 παρῃτήσατο
459 703 513 780 τῆς
541 697 713 784 διατριβῆς.
761 698 845 764 unde
877 699 940 764 seis
975 703 1009 762 et
1042 697 1215 764 solemnem
1249 692 1441 782 ἇπυιῄριξιν

223 805 372 887 discipuli
408 812 442 870 et
476 803 750 888 apophthegmata
780 805 930 872 Numenii
958 803 1041 870 fonti
1075 803 1229 870 infuisse?
1264 804 1298 868 in
1333 802 1441 886 quibus

224 931 347 978 summa
370 909 424 978 'rei
453 919 504 978 est
530 911 617 995 apud
639 912 825 995 Diogenem.
862 913 920 980 sed
947 917 1035 978 certo
1065 915 1175 992 potest
1200 910 1274 990 diei,
1299 909 1440 976 Numenii

225 1019 346 1084 iontem
370 1039 434 1086 nou
459 1019 561 1086 solum
577 1038 597 1084 a
612 1019 772 1085 Favorino
795 1019 852 1086 sed
875 1020 1003 1086 omnino
1027 1016 1158 1083 alonte
1172 1017 1330 1098 Diogenis
1353 1016 1443 1082 fuisse

223 1127 394 1192 diversum.
440 1147 514 1193 nam
543 1127 719 1194 Numenius
746 1127 939 1194 Academiae
973 1126 1239 1208 propagationem
1269 1144 1375 1208 usque
1404 1122 1442 1188 ad

222 1233 415 1300 Antiochum
439 1235 657 1300 Ascalonitam
680 1236 895 1318 persequitur,
919 1251 958 1300 ac
980 1233 1138 1300 Mentoris
1164 1233 1364 1301 mentionem
1384 1249 1442 1298 uon

223 1341 309 1406 inter
337 1340 423 1406 iacta
453 1341 674 1407 memorabilia
702 1361 785 1425 quae
813 1342 853 1408 de
877 1340 1043 1408 Carneade
1065 1340 1218 1422 proderet
1240 1341 1364 1422 iniecit,
1390 1339 1444 1405 sed

222 1449 254 1512 iu
278 1449 350 1530 ipsa
373 1449 588 1514 successione:
614 1449 727 1533 incipit
750 1451 835 1516 enim
858 1446 1046 1535 Καρνεάδου
1071 1447 1108 1511 δὲ
1134 1451 1259 1525 γίνεται
1288 1447 1443 1534 γνώριμος

222 1557 361 1642 Μέντωρ
383 1559 444 1638 μὲν
466 1556 598 1642 πρῶτον
612 1551 651 1622 or’r
666 1553 731 1640 μὴν
746 1555 911 1638 διάδοχος.
950 1554 1040 1620 vida
1056 1573 1073 1620 e
1089 1555 1249 1636 particula
1268 1555 1333 1638 μὲν
1348 1553 1443 1637 sequi,

222 1683 295 1729 mox
329 1682 401 1728 eum
436 1662 536 1729 lauisse
564 1663 762 1728 nominatum
796 1662 851 1744 qni
874 1660 1070 1726 Carneadem
1105 1663 1245 1744 excepit,
1275 1669 1444 1746 postquam

223 1771 351 1837 Mentor
374 1789 463 1836 suam
487 1770 629 1836 scholam
653 1770 809 1850 condidit,
840 1768 1064 1836 Clitomachus.
1116 1770 1149 1834 in
1176 1769 1333 1850 Diogenis
1360 1769 1444 1836 lonte

221 1877 414 1943 Academiae
438 1877 575 1943 historia
599 1876 833 1943 terminabatur
856 1878 889 1942 in
913 1874 1119 1942 Clitomacho.
1158 1877 1222 1940 iam
1237 1875 1384 1942 Philonis
1407 1893 1444 1940 ne

222 1985 342 2050 mentio
370 1984 499 2066 quidem
529 1990 589 2066 est,
624 2003 728 2067 neque
762 1983 889 2050 videtur
919 1981 990 2050 lons
1017 1983 1190 2065 primarius
1224 1982 1275 2048 vel
1309 1990 1443 2050 mortem

223 2089 412 2156 Clitomachi
436 2092 572 2157 novisse.
613 2092 698 2174 quod
722 2091 859 2172 denique
883 2090 922 2156 de
940 2090 1104 2156 Arcesilae
1129 2109 1166 2156 ac
1181 2090 1310 2173 Lacyde
1334 2091 1443 2157 adem

222 2205 395 2264 narrantur
418 2199 503 2281 apud
528 2199 718 2264 Numenium
742 2204 776 2263 et
791 2197 977 2279 Diogenem,
1001 2197 1034 2264 id
1057 2215 1096 2264 ex
1118 2199 1281 2280 primariis
1304 2197 1444 2266 lontibus

222 2307 303 2370 satis
320 2325 479 2389 superque
495 2307 684 2389 explicatur,
709 2323 767 2372 nec
782 2305 890 2387 potuit
905 2305 1033 2370 omnino
1049 2305 1146 2370 aliter
1160 2305 1318 2374 accidere.
1354 2313 1443 2372 tanto

222 2419 329 2478 antem
352 2414 482 2481 uberior
506 2415 681 2480 Numenius
709 2419 760 2478 est
786 2417 909 2478 utnon
939 2412 1042 2480 solum
1065 2413 1242 2494 Diogenem
1266 2414 1442 2480 sedetiam

222 2539 294 2586 eum
311 2539 349 2586 ex
365 2540 427 2604 quo
443 2523 588 2603 proximo
605 2539 664 2588 sua
675 2521 837 2602 Diogenes
856 2520 981 2602 accepit
999 2520 1095 2603 longe
1116 2539 1271 2602 superare
1287 2522 1440 2588 videatur.

312 2629 526 2696 Transeamus
562 2629 603 2694 ad
633 2647 705 2694 eum
735 2628 940 2710 scriptorem,
977 2627 1066 2694 cuius
1100 2629 1133 2693 in
1168 2627 1228 2694 hac
1255 2630 1442 2711 quaestione

222 2737 399 2802 auctoritas
442 2741 493 2801 est
531 2755 668 2816 summa,
707 2734 902 2817 Hesychium
939 2733 1118 2816 illustrem,
1158 2735 1277 2802 Saldae
1313 2736 1440 2804 iontem.

222 2848 356 2924 propter
384 2843 497 2908 turbas
525 2842 565 2908 ab
594 2841 776 2908 hominihus
811 2841 942 2908 insulsis
966 2843 1122 2908 excitatas
1156 2844 1349 2926 praemitto,
1384 2861 1440 2920 me,

222 2949 305 3014 sieut
328 2967 387 3031 par
411 2955 470 3030 est,
496 2949 678 3016 Nietzsehei
701 2948 742 3016 de
764 2949 924 3032 Hesychio
948 2948 1197 3030 disputationem
1221 2953 1356 3018 summis
1378 2951 1441 3016 lau·

221 3055 314 3120 dibus
338 3057 467 3138 dignam
491 3055 625 3138 hahere,
651 3063 757 3124 tecum
780 3057 960 3123 consentire
984 3057 1018 3122 in
1041 3056 1213 3140 plerisque.
1249 3057 1440 3142 Hesychium

220 3160 312 3226 uobis
335 3169 466 3244 praeter
489 3179 528 3228 aa
551 3181 634 3245 quae
657 3165 690 3228 in
713 3164 858 3230 Platonis
882 3163 1012 3230 scholiis
1035 3164 1117 3229 scita
1139 3164 1307 3246 indagavit
1329 3165 1440 3232 Rohdii
1491 3149 1492 3173 ¹

221 3267 413 3348 coniectura,
438 3269 638 3334 innotescere
662 3289 680 3336 e
704 3270 811 3352 Suida,
837 3270 955 3338 Suidae
971 3271 1112 3336 codicem
1127 3271 1292 3338 meliorem
1315 3291 1441 3354 reprae

221 3379 350 3438 aentare
378 3373 497 3439 olidum
522 3377 713 3459 Violarium,
743 3377 905 3444 Eudociae
929 3378 1138 3460 suppositum.
1185 3377 1383 3460 Hesychinm
1412 3379 1439 3442 in

219 3478 420 3562 philosophis
443 3487 574 3564 praeter
600 3485 794 3566 paucissima
822 3504 904 3568 quae
928 3485 1071 3565 aliunde,
1099 3486 1188 3551 velut
1210 3503 1229 3552 e
1252 3485 1439 3570 Porphyrio.
1490 3539 1491 3559 ι

220 3585 348 3668 adiecit,
372 3588 512 3668 pendere
535 3609 574 3656 ex
590 3609 628 3656 eo
644 3597 776 3658 auctore
797 3593 878 3676 (sive
889 3593 999 3675 plures
1014 3591 1156 3677 hrorunt)
1177 3592 1268 3660 cuius
1284 3593 1440 3676 excerptis

219 3691 380 3776 Diogenes
415 3713 486 3760 cum
517 3697 581 3762 alia
603 3703 672 3764 tum
706 3699 899 3766 Favorinum
934 3699 1113 3766 admiscuit
1169 3719 1274 3783 neque
1308 3702 1339 3767 si
1373 3701 1440 3784 quis

220 3801 381 3880 statuerit,
399 3800 439 3866 ab
455 3802 615 3886 Hesychio
631 3813 761 3888 praeter
776 3806 860 3872 hunc
875 3807 1030 3890 Diogenis
1045 3813 1208 3874 auctorem
1224 3809 1324 3875 etiam
1339 3810 1440 3892 ipsum

219 3905 396 3988 Diogenem
430 3909 547 3974 lectum
583 3929 668 3994 esse,
704 3913 878 3996 quidquam
911 3913 1040 3996 prolici;
1076 3921 1217 3982 ceterum
1247 3915 1308 3983 hoc
1340 3933 1439 4000 neque
1489 3897 1490 3945 ³

219 4011 473 4080 demonstratum
489 4022 548 4096 est,
572 4036 676 4100 neque
699 4019 765 4085 ullo
781 4025 876 4104 pacto
899 4021 1077 4103 probabile.
1116 4022 1326 4090 dissentimus
1342 4025 1440 4106 igitur

218 4119 252 4186 in
287 4137 325 4185 eo
360 4127 494 4204 tantum,
530 4125 615 4208 qnod
650 4131 686 4192 tu
718 4127 871 4210 Hesychii
910 4134 1074 4195 auctorem
1108 4128 1300 4196 Favorinum
1336 4147 1438 4198 rocas.
