3010 4866
198 205 240 268 20

286 381 387 447 Nemo
410 379 591 458 mhabduc,
617 378 644 444 si
661 377 770 460 Cynici
793 377 849 442 ille
873 377 1013 442 amasius
1037 377 1178 442 studium
1195 395 1274 458 erga
1290 375 1428 459 Cynicos

196 489 350 572 quosdam
385 488 483 553 etiarn
518 487 550 550 in
587 484 865 568 ‘philosophorum
899 477 1122 567 percursione‘
1159 503 1239 566 prae
1277 502 1312 549 se
1351 483 1426 549 fert.

195 596 324 662 Diocles
349 614 419 662 cum
444 595 484 660 de
507 593 699 660 Antisthene
728 592 923 674 disputaret,
959 592 1046 656 inter
1076 591 1164 656 illins
1193 591 1315 672 placita
1345 590 1426 656 nihil

195 704 272 784 quin
297 708 383 767 esset
399 700 571 780 laudabile,
596 717 788 782 quamquam
805 703 936 780 poterat
951 699 1062 778 multa,
1087 697 1225 780 protulit
1243 697 1297 781 [cf.
1315 698 1425 763 Laert.

194 810 248 889 Vl,
277 809 340 893 13].
382 809 475 891 Sapit
490 813 661 890 praeterea
676 806 864 890 Cynicorum
881 806 1022 872 studium
1039 805 1124 889 quod
1141 806 1253 870 tritum
1270 806 1352 870 illud
1370 805 1426 870 So-

194 917 292 982 cratis
306 917 356 980 dat
369 929 499 981 σκοπεῖν
516 913 593 980 ‘dara
609 940 658 980 τοι
674 914 710 979 ἐν
724 914 913 1000 μεγάροισιν
929 915 1029 978 κακόν
1043 915 1069 976 τ’
1088 910 1257 993 dyadem
1269 915 1423 980 τάτταταῖ

194 1023 332 1104 Diogeni
356 1024 465 1106 canco
490 1023 548 1103 Vl,
576 1024 638 1088 103
662 1023 845 1088 vindicavit.
894 1023 1093 1104 Quamquam
1115 1023 1198 1088 allos
1221 1022 1358 1106 Cynicos
1385 1061 1422 1071 -

193 1130 282 1194 velut
305 1130 491 1212 Menippum
516 1135 613 1212 atque
637 1129 717 1195 adeo
743 1130 942 1212 Meleagrum
965 1135 1210 1213 praeceptorem
1243 1131 1426 1209 καταγέλο·

192 1260 246 1310 τος
267 1241 421 1320 γέμοντας
443 1237 551 1302 Laert.
576 1237 596 1302 l.
623 1255 647 1301 c.
675 1273 716 1282 —
739 1255 803 1302 non
827 1237 925 1302 nimio
954 1237 1211 1320 prosequebatur
1235 1255 1357 1302 amore.
1382 1273 1426 1284 —-

192 1344 328 1409 Frustra
351 1345 527 1426 quaeritur,
552 1349 660 1409 utrum
684 1345 787 1426 magis
803 1345 844 1409 ad
868 1343 1018 1427 frigidam
1035 1344 1145 1412 Stoam
1169 1363 1210 1410 an
1232 1345 1274 1409 ad
1290 1345 1424 1427 Epicuri

192 1449 392 1516 hortulorum
428 1452 656 1518 amoenitatem
691 1452 902 1533 propendisse
929 1452 1093 1518 rideatur:
1129 1457 1302 1534 utrumque
1339 1454 1425 1518 enim

191 1576 249 1640 per
273 1577 307 1623 se
330 1564 439 1640 potest
468 1559 613 1640 cogitari.
661 1561 704 1624 At
734 1564 845 1624 contra
874 1559 1054 1626 Stoicorum
1078 1561 1253 1642 opprobria
1277 1560 1424 1627 defendit

191 1667 404 1749 purgavitque
427 1666 558 1748 Epicuri
588 1666 811 1748 integritatem
835 1665 887 1751 [of.
913 1667 952 1747 X,
978 1667 1013 1752 3]
1042 1673 1075 1732 et
1103 1667 1231 1732 amavit.
1288 1668 1360 1746 Qua
1382 1687 1424 1732 ex

190 1791 226 1837 re
250 1773 289 1838 de
314 1779 403 1838 secta
418 1773 523 1838 Diocli
547 1772 684 1854 probata
706 1791 746 1838 ne
770 1791 988 1854 praepropere
1011 1772 1070 1838 fiat
1086 1774 1281 1854 coniectura,
1308 1793 1424 1840 caven·

190 1880 263 1944 dum
295 1887 360 1962 est,
396 1881 423 1945 si
452 1881 580 1962 quidem
610 1887 643 1944 et
672 1879 828 1945 hodierno
856 1885 1004 1962 tempore
1040 1881 1094 1964 qui
1123 1882 1222 1946 vitam
1253 1887 1286 1947 et
1314 1901 1424 1948 mores

189 1987 321 2070 EpIcuri
345 1989 541 2053 admiramur
563 2007 626 2052 non
651 2005 759 2054 sumus
783 1983 993 2069 EpIourei¹⁸).

262 2161 297 2232 ¹⁷)
316 2163 496 2218 honoratiore
524 2163 629 2217 Dioclis
658 2163 812 2232 cognitione
842 2162 1035 2217 reconcinnata
1063 2179 1183 2218 errorem
1215 2165 1352 2232 qnondam
1385 2166 1420 2220 de

189 2253 372 2307 Potamone
400 2253 637 2308 AlexandrIno
668 2259 844 2322 propagatam
873 2251 1017 2306 emendare
1049 2253 1177 2306 conabor.
1233 2253 1363 2308 Laertius
1391 2255 1420 2309 in

190 2341 361 2410 praefatione
380 2357 440 2396 aum
461 2349 550 2397 sectas
568 2341 794 2411 philosophorum
813 2347 978 2412 recenseret,
998 2341 1081 2396 etiam
1095 2342 1129 2395 de
1148 2357 1269 2410 eaquae
1289 2343 1422 2397 eclecticn

190 2437 306 2484 vocaun
330 2431 414 2486 verbo
436 2431 502 2486 lecit
521 2431 537 2502 ξ
557 2435 604 2487 21:
629 2436 664 2486 ἔτι
688 2433 717 2486 di
738 2432 799 2503 πρὸ
823 2432 938 2504 ὄλλγοο
956 2433 1001 2486 καλ
1024 2431 1153 2498 ἐκλεκτική
1172 2451 1209 2493 τις
1228 2435 1332 2503 αἵρεσις
1350 2435 1421 2500 sicq-

185 2527 242 2593 χθη
262 2519 313 2574 ὑπὸ
333 2520 496 2594 Ποτάμωνος
513 2523 557 2578 τοῦ
573 2523 764 2594 Ἀλεξανδρέως
787 2523 960 2594 λκλτξαμὲνοο
978 2521 1008 2574 rr?
1031 2522 1175 2592 ἀρέσκοντα
1199 2523 1227 2582 tt
1243 2521 1354 2588 ἑκάστης
1369 2525 1421 2576 τῶν

189 2613 328 2680 αἱρέσεων·
349 2612 452 2682 ἀρέσκει
471 2611 497 2664 d'
515 2611 584 2683 αὐτῷ
602 2615 652 2664 κτλ.
691 2610 802 2665 Laertio
822 2611 999 2664 crediderunt
1018 2607 1099 2664 facile
1119 2609 1233 2680 creduli,
1253 2627 1420 2682 quamquam

189 2715 271 2753 sanus
291 2699 390 2754 Suidae
414 2699 546 2754 articulus
564 2717 585 2754 s.
605 2717 629 2754 v.
670 2701 852 2755 Potamomem
879 2700 996 2770 Augusti
1021 2705 1112 2754 aetate
1138 2699 1264 2754 docuisse
1291 2707 1420 2756 testatur.

189 2789 226 2841 At
247 2789 345 2843 Saldae
366 2790 539 2844 credendum.
576 2789 729 2845 Oblocutus
748 2806 833 2859 paene
854 2791 927 2844 solus
948 2797 989 2843 est
1008 2787 1190 2843 Nietzscheus
1211 2790 1317 2860 [progr.
1336 2809 1363 2860 p.
1379 2791 1418 2862 9]‚

188 2877 236 2930 sod
261 2877 301 2930 ita
328 2885 359 2930 ut
383 2879 440 2932 reri
468 2887 574 2947 partem
598 2879 770 2948 intellegeret
793 2885 899 2948 partem
923 2879 1003 2932 irrita
1025 2877 1059 2932 de
1084 2878 1179 2933 Diocle
1203 2879 1419 2936 ratiocinatione

188 2965 350 3034 depravaret
371 2967 418 3036 [ci.
431 2967 627 3037 Freudenthal,
646 2985 673 3037 p.
692 2969 765 3038 3081.
792 2971 845 3040 πρὸ
864 2974 956 3042 aloyae
974 2969 1022 3038 qni
1040 2969 1151 3038 scripsit
1170 2969 1216 3024 vix
1235 2977 1299 3026 ante
1320 2971 1419 3026 initum

187 3055 220 3108 ab
247 3057 371 3124 Augusto
396 3057 539 3124 Imperium
566 3057 707 3126 scripsisse
731 3059 869 3128 putandus
894 3064 944 3113 est.
984 3059 1027 3112 An
1049 3059 1180 3114 Diocles?
1217 3060 1302 3114 Modo
1325 3077 1418 3116 senam

187 3158 297 3198 censeas
321 3145 472 3214 scripsisse.
510 3144 676 3214 Quamquam
700 3163 743 3200 res
767 3163 820 3201 non
845 3154 928 3201 certa.
969 3147 1045 3202 Suid.
1065 3163 1085 3201 s.
1107 3165 1130 3200 r.
1151 3150 1296 3220 Ποτάμων,
1323 3155 1418 3222 γέγονε

186 3233 238 3303 πρὸ
265 3231 419 3306 Αὐγούστου
441 3237 488 3288 καὶ
510 3233 567 3306 μετ’
597 3233 684 3288 αὐτόν.
739 3235 875 3290 DIelosius
901 3236 1013 3306 doxogr.
1037 3253 1063 3305 p.
1084 3239 1116 3292 81
1137 3241 1199 3292 ιτ.4
1227 3243 1255 3291 et
1285 3237 1418 3294 Rohdeus

186 3321 266 3392 [mus.
285 3323 362 3376 rhen.
381 3323 501 3377 XXXIII
523 3325 590 3378 1878
609 3341 635 3393 ρ.
657 3327 707 3380 166
720 3323 762 3394 n¹]
787 3325 853 3378 ‘aar'
872 3323 963 3378 αὐτόν’
982 3333 1013 3378 ut
1035 3325 1063 3380 in
1083 3323 1170 3380 Snida
1188 3343 1241 3380 non
1262 3328 1418 3396 probabile.

186 3441 220 3452 —·
235 3410 333 3466 Suidas
352 3427 372 3467 s.
394 3428 416 3466 v.
438 3413 580 3482 Λεσβῶναξ
598 3417 773 3480 Μυτιληναῖος
794 3413 941 3484 φιλόσοφος
961 3415 1079 3486 γεγονὼς
1097 3418 1140 3468 rur
1160 3415 1314 3486 Αὐγούστου
1333 3417 1418 3488 πατὴρ

185 3500 349 3570 Ποτάμωνος
378 3503 433 3555 τοῦ
466 3503 663 3572 ριλοσόροο·
694 3507 796 3574 ἔγραψε
824 3506 931 3558 πλεῖστα
963 3505 1098 3576 τμλὸσορα
1126 3503 1270 3558 manifesto
1303 3507 1417 3560 erravit.

185 3587 343 3644 Potamonis
365 3599 444 3660 pater
469 3589 521 3644 luit
549 3592 691 3646 Lesbonax
715 3591 759 3664 [cl.
786 3593 814 3646 C.
840 3593 859 3648 I.
881 3610 920 3662 gr.
946 3593 972 3646 ll
997 3595 1066 3649 2182
1090 3593 1118 3646 in
1142 3593 1222 3648 titulo
1247 3593 1417 3663 Mytilenaeo

186 3679 359 3751 *Ποτάμωνος
378 3680 423 3732 τοῦ
447 3679 635 3750 „studuissemus
659 3680 810 3753 προεδρία]
834 3688 863 3736 al
888 3699 941 3737 non
963 3681 1120 3752 philosophi
1150 3683 1197 3737 sed
1222 3683 1344 3738 rhetoris
1367 3683 1416 3755 [cf.

186 3765 284 3820 Suidas
303 3783 323 3821 s.
343 3785 367 3822 v.
388 3766 534 3842 Ποτάμων]
560 3770 702 3825 Strabonls
728 3769 813 3826 aetati
839 3771 964 3840 supparis
988 3771 1070 3842 [XIII
1090 3789 1118 3842 p.
1141 3773 1217 3844 6171.
1257 3771 1298 3826 CI.
1318 3771 1415 3828 Rohdc

184 3855 302 3910 ‘Griech
321 3857 423 3912 roman’
443 3875 468 3927 p.
488 3861 538 3914 341
560 3875 585 3912 n.

256 3943 291 4016 ¹⁸)
311 3945 390 3999 Fecit
408 3947 460 4000 hoc
473 3947 655 4002 Nietascheus
675 3948 754 4018 [mus.
772 3949 847 4002 rhen.
861 3949 956 4004 XXIII
975 3949 1068 4020 [1868]
1088 3967 1115 4020 p.
1128 3949 1192 4020 641]
1212 3951 1312 4006 merito
1332 3953 1415 4006 casti-

185 4029 264 4101 gat'us
290 4050 306 4088 a
329 4033 545 4090 Frendenthalio
569 4054 595 4106 p.
617 4039 678 4093 308.
718 4037 820 4092 Verum
843 4039 1065 4108 probabilitatem
1090 4055 1190 4108 negare
1216 4056 1271 4094 non
1295 4040 1416 4096 debebat

185 4121 415 4179 Fraudenthalius
434 4141 460 4194 p.
480 4129 532 4180 312
552 4127 655 4180 Laertii
679 4127 713 4182 da
733 4128 853 4197 Epicuro
878 4129 968 4182 verbis
990 4129 1118 4184 inductus
1137 4129 1162 4182 X
1185 4129 1229 4184 12:
1249 4129 1367 4202 μάλιστα
1386 4131 1415 4185 d'
