3010 4866
1183 177 1280 274 'as

270 377 448 448 Porphyrius,
469 377 526 434 vita
543 377 624 448 Pyth.
933 382 1060 438 Laertius
1078 381 1154 452 Vlll,
1177 387 1199 440 l.

73 488 154 568 §la
198 489 435 571 Discipulorum
459 489 552 572 copia

200 596 369 662 Silentium
924 602 937 662 l
966 596 1152 686 [Timaeus]

73 701 88 782 ᾗ
108 703 154 766 54.
198 703 474 785 Pythagoreorum
498 703 674 768 auctoritas

201 809 279 875 (lum
304 809 423 892 Cylonc
446 811 614 876 inimicitia

73 915 88 996 §
109 917 156 981 55.
200 917 331 982 Milonis
354 918 444 982 aedis
467 917 647 982 incendium

202 1023 269 1088 lter
292 1025 459 1090 Deliacum
857 1046 876 1127 §
892 1046 935 1111 40
959 1045 1180 1132 [Ἡρακλείδης
1195 1045 1231 1112 ἓν
1246 1049 1284 1136 τῇ

889 867 983 949 §aa
1009 869 1061 933 49.

872 1151 1021 1240 Σατύρου
1033 1157 1115 1234 βίων
1124 1151 1283 1244 ἐπιτομῇ]

200 1237 355 1320 Archippi
379 1239 569 1322 Lysidisque
593 1237 670 1320 iuga

637 1341 828 1432 [Neanthes]
858 1347 953 1430 §aa

203 1453 296 1536 Lysis
320 1459 511 1535 praeceptor
534 1453 776 1534 Epaminondae
858 1454 930 1536 §i

72 1555 291 1640 §latentiore
316 1559 351 1623 P.
377 1555 666 1645 [Dicaearchus]
858 1559 1097 1643 §40slacera
1144 1559 1284 1624 Dicae-

1116 1665 1283 1750 archus}

74 1767 112 1834 Ut
132 1771 407 1854 comprehendam,

114 1880 137 1944 l.
160 1880 250 1946 Vita
274 1880 522 1962 Pythagorae
546 1880 757 1946 Laertiana
784 1879 959 1946 conflata
989 1884 1049 1944 est
1077 1898 1121 1944 ex
1151 1881 1286 1945 ‘omni-

161 2005 258 2068 gena
280 1987 464 2052 historia’
490 1987 671 2069 pauculis
694 1988 879 2052 immixtis
902 1988 948 2053 dc
964 2005 1285 2070 apomnemoneu·

159 2101 304 2159 matum
329 2090 606 2178 excerptis¹⁰⁶).

113 2201 137 2264 2.
160 2200 283 2268 Dioclis
306 2201 357 2266 vel
380 2201 463 2266 alius
486 2201 635 2266 auctoris
648 2201 819 2284 vestigium
842 2201 971 2284 repperi
995 2201 1125 2266 nullum.

113 2308 138 2372 3.
161 2309 291 2374 Incerta
313 2315 482 2375 remanent

167 2417 186 2500 ξ
235 2416 318 2481 lde
342 2421 435 2498 patre
460 2416 622 2481 Marmaco

167 2523 187 2605 ᾖ
233 2522 318 2587 ide
341 2521 446 2588 trihus
469 2523 594 2604 poculis

168 2630 187 2712 ξ
213 2633 251 2692 ll
278 2629 319 2692 de
342 2629 490 2710 Apolline
513 2627 722 2710 Hyperboreo

279 2735 319 2800 de
343 2735 459 2800 studiis
483 2735 686 2816 geometricis
711 2733 960 2818 [Anticlides]

289 2893 308 2924 ,,
393 2892 412 2923 ,,
480 2839 1164 2926 medicis[Apollodornslogistieus]

171 2951 304 3033 §14„
336 2949 486 3014 libriset
471 2949 675 3032 tdiscipulis

171 3055 191 3138 ᾗ
213 3057 255 3121 37
281 3056 474 3122 comicorum
495 3055 661 3122 irrisiones

173 3162 191 3246 t

173 3270 192 3354 l

215 3272 348 3336 49-—50
372 3270 512 3352 epistula
535 3271 576 3335 ad
599 3268 837 3336 Anaximenem.

80 3372 170 3442 Omiai
192 3378 419 3460 Hieronymi
442 3377 516 3460 §21
544 3378 584 3443 de
599 3376 785 3459 Pythagora
808 3375 928 3440 dictum
950 3375 1027 3457 quia
1049 3373 1134 3440 inira
1156 3376 1291 3458 patebit,

143 3605 191 3676 ¹⁰⁶)
208 3607 369 3676 Repetierat
381 3606 466 3674 igitur
475 3605 628 3661 Favorinus
641 3621 710 3674 qnos
723 3605 757 3660 de
767 3605 925 3674 Pythagora
937 3603 1102 3659 athletarum
1115 3605 1251 3661 nutritore
1265 3607 1293 3662 in

81 3696 366 3759 opomoemonoumatis
380 3695 451 3750 (lixit
463 3695 558 3750 eodem
571 3695 599 3750 in
616 3695 758 3763 omnigena
769 3694 898 3750 historia:
918 3695 946 3749 id
966 3694 1038 3762 quod
1055 3693 1099 3748 vel
1117 3693 1177 3764 ipsa
1188 3695 1293 3752 Laertii

82 3782 158 3838 verbu
173 3785 290 3839 suadere
307 3784 374 3839 mihi
395 3785 524 3839 videntur
542 3784 609 3840 vill
631 3786 675 3839 12:
700 3787 801 3855 λέγεται
819 3785 849 3838 δέ
867 3785 914 3838 καῖ
933 3785 1034 3855 πρῶτος
1054 3787 1161 3855 κρέασιν
1179 3783 1294 3852 ἀσκῆσαι

81 3868 195 3944 ἀθλητάς,
214 3877 261 3929 καὶ
279 3875 384 3946 πρῶτον
406 3875 432 3946 y'
451 3873 614 3945 Εὐρυμένην,
638 3873 727 3927 καθά
753 3891 832 3944 φησι
850 3879 1049 3945 Φαβωρῖνος
1067 3877 1101 3927 ἐν
1118 3879 1215 3947 τρίτῳ
1232 3876 1294 3929 τῶν

81 3958 430 4036 ἀπομνημονευμάτων
452 3963 503 4016 τῶν
520 3960 647 4033 πρότερον
665 3962 757 4035 ἰσχάσι
775 3965 866 4034 ξηραῖς
883 3965 929 4016 καῖ
946 3967 1033 4034 τυροῖς
1050 3959 1145 4034 ὑγροῖς
1162 3963 1294 4019 diluam*

82 4057 168 4120 πυροῖς
194 4052 406 4124 σωμασκούντων
433 4050 533 4116 αὐτούς,
561 4051 714 4124 καθάπερ
740 4049 755 4107 ὅ
783 4051 878 4112 alric
903 4057 1102 4123 Φαβωρῖνος
1129 4056 1163 4106 ἐν
1190 4053 1295 4126 tyoty

82 4143 284 4208 παντοδαπῆς
303 4145 453 4213 ἱστορίας
471 4147 572 4212 φησίν
589 4139 624 4195 tl.
643 4157 669 4210 p.
683 4143 725 4196 92.
