3016 4858
1214 225 1275 288 145

50 417 127 487 φησι
150 406 192 469 Φ.
216 399 254 468 ἐν
279 406 320 468 11.
337 398 387 486 Ἰ.)
415 399 567 476 εἰπόντος
594 401 630 466 δέ
655 423 741 476 τινος
763 397 844 464 κατὰ
868 397 1009 464 παιδιάν
1031 397 1093 464 ιιτὲ.
1145 419 1218 466 nam
1243 403 1276 466 in

50 508 239 576 Aristotelis
260 509 328 574 rita
350 514 482 592 praeter
504 509 610 591 ipsum
633 507 816 591 Demophili
838 525 954 574 nomen
977 507 1057 573 nihil
1081 527 1152 575 esse
1175 509 1275 575 Favo-

50 616 113 682 rini
137 616 208 697 ipae
230 615 392 698 Diogenes
416 615 566 698 explicite
590 615 677 682 dicit.

140 722 231 790 Haec
253 727 328 790 sunt
350 741 433 806 quae
457 723 542 806 apud
565 722 742 805 Diogenem
765 720 936 788 manifesto
960 722 1001 787 ad
1017 721 1053 787 0.
1071 723 1111 790 Η.
1129 723 1274 789 redeant.

52 829 193 896 concedo
216 830 319 896 latere
346 848 451 913 pauca
477 829 617 896 fortasse
645 831 679 896 in
701 829 889 911 historialis,
918 831 1014 896 credo
1037 831 1123 896 inter
1146 831 1277 896 inventa

51 937 156 1004 latere
180 937 356 1020 conpluris,
379 937 469 1003 velut
490 937 523 1003 11
545 939 588 1002 48
605 937 851 1020 Xenophontem
875 956 892 1002 e
916 936 1116 1021 philosophis
1140 939 1277 1020 primunr

51 1045 222 1112 historiam
246 1045 429 1128 scripsisse,
454 1045 666 1127 Protagoram
688 1042 890 1130 Σωκρατικὸν
916 1045 1001 1120 elder
1023 1043 1130 1124 λόγων
1153 1045 1279 1129 κινῆσαι

51 1152 96 1218 IX
114 1153 169 1233 53,
194 1153 267 1220 alia.
307 1151 489 1235 praefracte
511 1171 587 1220 vero
611 1171 694 1236 nego
718 1157 775 1218 aut
798 1153 910 1235 gravia
933 1158 990 1218 aut
1012 1153 1114 1218 multa
1137 1171 1155 1218 e
1176 1152 1277 1218 Favo-

51 1260 123 1326 rino
160 1260 336 1342 sumpsisse
363 1261 550 1342 Diogenem,
581 1259 699 1326 nedam
733 1261 794 1326 tibi
823 1261 989 1326 adsentiar
1017 1260 1072 1342 qui
1100 1261 1278 1342 Diogenem

52 1365 89 1432 0.
113 1366 157 1434 H.
181 1367 331 1434 Favorini
359 1367 440 1434 diois
468 1368 652 1450 epitomem.
709 1385 901 1452 quamquam
933 1366 1074 1432 excludis
1099 1367 1277 1448 Scepticos;

53 1474 167 1556 quidni
195 1474 293 1540 etiarn
317 1473 442 1542 Stoicos
472 1481 506 1540 et
528 1475 726 1558 Epicureos?
770 1493 845 1540 nam
879 1475 913 1540 in
946 1473 1071 1539 neutris
1106 1473 1278 1556 quidquam

53 1581 312 1648 Favorinianum.
352 1582 411 1648 sed
432 1581 506 1648 nolo
530 1582 657 1665 singula
681 1583 845 1665 exagitare
862 1601 932 1646 cum
949 1586 1051 1647 totum
1069 1599 1137 1646 rem
1152 1599 1276 1662 negem.

53 1697 88 1754 tn
113 1690 186 1772 ipse
210 1689 358 1756 concedis
382 1707 421 1754 ex
444 1688 541 1756 Gellii
564 1689 645 1771 loco,
670 1708 765 1772 quem
787 1687 998 1754 Nietzscbeus
1021 1687 1063 1752 ad
1085 1687 1279 1754 Favorinum

54 1796 136 1862 bene
160 1797 284 1881 retulit,
308 1796 349 1864 de
372 1796 484 1863 ordine
500 1796 698 1880 Omnigenae
721 1797 877 1865 historiae
900 1795 980 1862 nihil
1002 1815 1099 1879 posse
1123 1795 1278 1876 concludi,

55 1903 177 1986 ambigi
200 1921 296 1986 posse
317 1923 393 1970 num
416 1904 501 1971 ullus
524 1903 623 1970 fuerit
646 1904 733 1972 ordo.
781 1911 890 1971 tamen
913 1905 1077 1987 excogites
1100 1903 1279 1986 alphabeti-

57 2029 138 2078 cum.
187 2011 245 2077 sed
279 2011 399 2077 iniuria
432 2015 465 2077 te
500 2010 670 2078 adficerem
705 2013 734 2079 si
766 2013 947 2079 rationibus
970 2032 1000 2095 p.
1028 2013 1068 2076 53
1099 2011 1216 2076 adlatis
1246 2015 1279 2076 te

55 2119 192 2186 multum
219 2118 365 2185 tribuere
395 2119 568 2186 crederem.
616 2119 771 2202 Stephani
800 2121 948 2203 Byzantii
978 2121 1068 2186 locus
1092 2137 1117 2184 s.
1142 2137 1170 2184 v.
1190 2113 1279 2182 ‘Ais-

56 2226 211 2313 ξανδρσια
233 2225 404 2292 lacunosus
428 2231 492 2306 est3
522 2227 577 2292 vin
607 2233 643 2292 tu
671 2229 704 2293 in
731 2228 847 2294 lacuna
873 2226 1115 2293 hmdamentum
1137 2225 1281 2308 ponere?

56 2333 156 2399 verba
182 2332 269 2416 apud
291 2333 427 2399 eundem
442 2333 608 2420 νΑργιλοις·
631 2331 651 2418 ἡ
673 2336 754 2421 πρὸς
776 2337 820 2423 τῷ
844 2331 1003 2422 Στρυμόνι
1030 2338 1166 2420 ποταμῷ
1188 2329 1281 2407 πόλις

56 2441 83 2505 si
106 2439 370 2523 lexicographum
393 2440 550 2523 redolent,
578 2459 654 2508 num
676 2442 802 2510 lexicon
829 2441 929 2508 fuisse
957 2440 1097 2524 probant
1120 2439 1281 2521 integrum

56 2549 160 2632 opus?
188 2545 310 2630 fingere
338 2547 437 2614 etiam
460 2547 654 2616 adversariis
677 2549 743 2615 tuis
766 2549 852 2617 licet.
899 2547 1057 2632 fingemus
1081 2547 1180 2630 igitur
1203 2563 1281 2628 qua-

55 2655 94 2722 lis
118 2673 220 2737 supra
241 2652 304 2720 brit
326 2654 366 2720 de
389 2656 528 2722 inventis
551 2655 824 2738 philosophorum,
850 2656 890 2722 de
913 2655 1046 2722 urbibus
1067 2673 1149 2737 quae
1171 2653 1281 2719 abea-

55 2763 110 2828 tiia
137 2762 271 2828 nomina
302 2763 499 2845 acceperint,
531 2763 711 2830 articulum.
763 2781 843 2846 pace
870 2767 928 2828 tua
955 2761 1053 2826 liceat
1081 2761 1178 2826 animi
1210 2777 1281 2826 sen-

56 2870 194 2936 tentiam
209 2867 365 2952 proferre.
403 2869 548 2952 inposuit
570 2869 631 2936 tibi
651 2868 834 2936 Nietzsebei
857 2868 1005 2949 audacia3
1032 2869 1093 2934 etsi
1117 2867 1281 2934 sentiebas

56 2978 88 3042 in
112 2976 326 3059 dispositione
350 2994 422 3042 eum
456 2976 573 3043 falsum
608 2994 693 3058 esse,
730 2983 838 3044 tamen
866 2976 951 3042 idem
982 2976 1067 3059 quod
1097 2975 1153 3041 ille
1180 2974 1282 3041 noluit

56 3083 186 3152 efficere
222 3081 390 3166 cupiebas,
426 3088 464 3149 ut
490 3085 655 3152 inventum
684 3089 771 3152 esset
806 3103 883 3150 sane
917 3083 1123 3150 luculentum.
1171 3083 1281 3164 itaque

56 3191 339 3276 argumentatione
374 3209 513 3258 araneae
550 3191 626 3258 telis
666 3193 813 3258 tenuiore
852 3191 975 3257 irretiri
1014 3195 1047 3256 te
1085 3207 1200 3272 passus
1235 3206 1279 3254 es.

56 3319 132 3366 nam
167 3299 370 3365 contumacia
404 3298 587 3366 Nietzachei
623 3299 675 3366 vel
715 3299 755 3367 ab
791 3319 828 3366 eo
863 3299 933 3365 loco
968 3301 1056 3363 recte
1092 3296 1280 3378 explicando

57 3406 235 3472 deterritus
259 3424 309 3487 es,
339 3423 379 3472 ex
401 3425 463 3490 quo
491 3405 560 3472 solo
584 3406 624 3473 de
647 3406 760 3472 ordine
783 3406 820 3472 Ο.
844 3406 884 3472 Η.
910 3404 1032 3487 aliquid
1055 3403 1135 3469 disci
1162 3407 1279 3485 potest.

57 3514 85 3578 is
107 3513 220 3580 Photii
248 3519 309 3594 est,
338 3513 462 3596 quide
490 3514 589 3580 tertio
613 3511 743 3597 Sopatri
771 3513 854 3579 libro
883 3512 964 3578 baec
989 3529 1192 3594 nequequam
1215 3527 1281 3575 anr-

58 3619 158 3703 bigua
185 3618 286 3688 verba
311 3619 412 3686 babet
439 3639 469 3702 p.
497 3616 576 3687 10312
607 3617 626 3686 ὃ
656 3621 694 3686 δὲ
723 3625 829 3707 τρίτος
857 3617 953 3700 λόγος
981 3617 1168 3698 συλλέγεται
1195 3612 1283 3705 αὐτῷ

59 3727 94 3790 ἐν
116 3733 173 3812 τῆς
196 3729 390 3814 Φαβωρίνου
418 3727 629 3812 παντοδαπῆς
656 3723 746 3813 ὕλης,
775 3726 809 3794 ἔκ
835 3752 871 3792 το
898 3729 954 3793 τοῦ
982 3751 1001 3791 ν
1028 3725 1083 3790 καὶ
1109 3731 1165 3792 τοῦ
1188 3729 1207 3804 ξ
1228 3725 1283 3788 aaa

60 3833 214 3918 καθεξῆς,
235 3831 328 3919 ’πλὴν
349 3835 407 3900 τοῦ
430 3859 456 3915 τ,
479 3839 573 3920 μέχρι
595 3835 652 3902 τοῦ
675 3858 710 3901 ω.
758 3835 794 3901 ἐν
818 3833 864 3910 οἷς
890 3833 1046 3920 διάφοροι
1070 3831 1205 3916 ἱστορίαι
1228 3831 1283 3895 καὶ

60 3947 123 4010 τῶν
157 3943 241 4007 κατὰ
272 3941 314 4006 τοὶ
349 3937 498 4026 ὀνόματα
532 3945 657 4009 θέσεων
691 3941 885 4025 siccatorias
919 3941 973 4004 καὶ
1003 3941 1143 4006 τοιαῦτα
1178 3942 1279 4028 ἕτερα.

61 4049 215 4116 ridiculus
244 4052 296 4114 est
318 4047 527 4114 Nietasoheus
556 4067 628 4114 cum
655 4048 772 4116 librum
794 4073 813 4114 τ
836 4047 998 4131 deplorat,
1028 4065 1122 4129 quern
1146 4045 1283 4128 Sopater

62 4155 230 4242 spreverit
278 4155 402 4222 scilieet
426 4173 466 4221 ne
490 4155 524 4222 id
547 4156 676 4239 quidem
698 4157 833 4240 legerat,
860 4155 1014 4238 Diogenis
1037 4154 1160 4220 Laertii
1183 4153 1283 4222 libros

112 4259 225 4314 ιιιισιις.
239 4257 439 4313 samonungun
447 4259 488 4303 ιιι.
1074 4261 1106 4314 10
