3016 4858
1209 196 1271 262 139

63 374 207 456 mippns
235 372 423 457 producitur
450 372 544 438 testis
573 375 606 437 et
633 375 808 455 usurpatur
831 373 938 440 Sotio
969 371 1022 458 [of.
1047 373 1272 457 Gomperzium

64 481 126 548 Jen.
150 481 445 564 litteraturzeitung
469 479 553 546 1875
577 499 608 562 p.
627 478 715 568 665}

284 775 335 833 Π.
365 763 447 852 Περί
470 763 649 851 ὁμωνύμων
671 773 844 842 fragmento
863 788 902 828 ox
920 773 1048 832 scholiis

462 871 696 943 Aristophanem
714 871 865 932 oonloota.

146 1018 220 1084 Dixi
248 1037 279 1100 p.
308 1019 370 1083 128
400 1035 446 1100 sq.
479 1018 518 1084 de
548 1016 705 1101 catalogis
731 1015 993 1100 homonymorum
1022 1019 1076 1103 qui
1105 1021 1215 1086 insunt
1240 1020 1273 1086 in

62 1124 184 1192 scholiis
233 1121 552 1208 Aristophanois¹⁵⁰).
615 1124 762 1208 Ipsorum
807 1144 891 1194 nuno
936 1126 1089 1195 subiciam
1134 1128 1274 1195 indicium

63 1233 223 1316 syllogam:

144 1340 378 1424 Agathonos,
395 1341 476 1406 Rau.
495 1339 551 1406 83:
583 1343 611 1406 1.
628 1338 755 1422 Agatho
777 1339 929 1423 tragicus,
961 1337 1002 1428 ἢν
1024 1341 1063 1408 δὲ
1085 1347 1140 1406 καὶ
1160 1365 1274 1434 κωμητ-

186 1445 322 1524 δοττοιὸς
345 1455 401 1514 τοῦ
425 1446 627 1535 Σωκρατικοῦ
650 1445 885 1513 διδασκαλείου.

146 1555 391 1623 Alcibiadem
416 1556 495 1621 Ram.
527 1557 623 1636 [4223
658 1551 807 1638 γεγόνασι
829 1553 868 1618 δὲ
884 1550 1086 1638 Ἀλκιβιάδαι
1107 1556 1145 1622 δ’.

144 1661 378 1729 Antimachi.
403 1661 484 1728 Nub.
513 1665 612 1729 1022:
647 1658 731 1748 [1.ύ
756 1662 800 1738 τίς
823 1658 987 1748 θηλύτητα
1010 1660 1272 1753 κωμῳδούμενος]

189 1774 252 1836 iuri
286 1770 324 1836 δὲ
357 1768 412 1834 καί
445 1771 549 1854 ἕτερος
574 1769 629 1834 ἐπὶ
656 1771 794 1856 πονηρίᾳ
821 1767 1087 1856 κωμῳδούμενος·
1125 1775 1229 1858 τρίτος
1255 1768 1272 1837 δ

187 1877 347 1954 Ψακοίδος
370 1875 553 1962 λεγόμενος·
587 1881 732 1964 τέταρτος
755 1873 773 1942 ὃ
787 1876 969 1964 τραπεζίτης
984 1871 1022 1944 οὗ
1036 1882 1197 1967 μέμνηται
1212 1875 1273 1944 Εύ·

187 1987 281 2061 αυλις
303 1985 339 2052 ἐν
362 1983 496 2072 Δήμοις·
521 1987 665 2071 πέμπτος
687 1981 706 2050 o‘
731 1983 982 2072 ἴστοριογράφος.

146 2094 375 2162 chaonides.
400 2093 457 2160 Av.
477 2095 555 2159 858:
594 2097 622 2160 l.
641 2092 773 2160 Chaeris
789 2092 1003 2160 citharoedus.
1021 2093 1087 2160 ἐστι
1102 2093 1156 2159 καί
1171 2097 1274 2182 ἕτερος

196 2198 336 2290 αὐλητὴς
358 2196 396 2268 ού
420 2199 611 2288 μνημονεύει
630 2200 789 2287 Κρατῖνος
811 2200 848 2266 ἐν
865 2205 1006 2286 Νεμέσει.
1042 2201 1087 2268 Cf.
1105 2202 1178 2268 Pae.
1198 2205 1271 2270 951.

146 2310 357 2394 Diagorae.
383 2311 463 2375 Rau.
489 2311 568 2374 320:
612 2311 638 2374 1.
680 2309 839 2392 Diagoras
866 2309 989 2376 Melius.
1018 2313 1130 2392 γέγονε
1156 2309 1192 2374 δὲ
1218 2311 1275 2376 καί

188 2421 291 2506 ἕτερος
305 2413 556 2506 κωμῳδούμενος
571 2415 625 2481 ἐπὶ
639 2420 786 2501 μεγέθει·
803 2413 984 2504 Ἕρμιππος
999 2416 1036 2484 ίν
1052 2418 1192 2506 Μοίραις
1207 2419 1271 2501 κτλ.

146 2527 410 2594 Execestides.
440 2526 496 2592 hv.
524 2527 579 2590 ll:
619 2529 646 2591 1.
672 2523 742 2592 Car.
767 2523 835 2590 ἐστὶ
857 2523 893 2588 δὲ
916 2529 970 2590 καὶ
993 2525 1159 2612 ίτιρος***
1184 2525 1274 2608 ιἔχων

187 2635 288 2722 λύραν
319 2633 411 2722 ἔργον
441 2629 586 2712 Εὐδόξου
615 2635 745 2698 τιταίνει
773 2635 924 2720 ψίθυρον
950 2629 1055 2720 τύήθη
1082 2633 1191 2719 νύμον’
1220 2637 1274 2719 μί-

187 2765 303 2829 μνηται
326 2740 357 2805 δ’
382 2731 480 2805 airon
502 2738 558 2802 καὶ
576 2738 735 2824 Πολέμων
758 2737 793 2804 ἐν
816 2740 859 2826 τῷ
881 2735 915 2820 δ’
936 2739 1013 2826 περὶ
1036 2747 1090 2828 τῆς
1098 2737 1274 2829 Ἀθήνησιν

181 2845 434 2932 Ἐρατοσθένους
456 2845 626 2932 ἐπιδημίας
649 2845 714 2913 κτλ.
752 2843 797 2912 Cf.
822 2843 968 2911 Diibneri
992 2847 1064 2914 adn.
1091 2850 1160 2915 crit.

147 2957 326 3040 Gorgiae.
356 2956 412 3022 hv.
440 2957 541 3020 1701:
580 2959 607 3020 1.
635 2953 772 3036 Gorgias
800 2953 920 3020 rhetor.
951 2949 993 3040 ἦν
1021 2953 1142 3020 δὲκαὶ
1172 2959 1274 3042 ίτιρος

187 3062 304 3152 ἰατρός,
329 3057 367 3130 ού
389 3061 580 3148 μνημονεύει
597 3057 746 3137 ’Λλκαΐος
769 3057 805 3127 δν
820 3057 1026 3145 Ἐνδυμίωνι.

145 3173 327 3241 Mirones,
352 3171 485 3254 Lysistr.
513 3173 590 3235 679:
630 3173 657 3235 l.
683 3169 766 3235 Mino
795 3172 908 3252 pictor.
947 3163 1011 3233 ἐστὶ
1033 3168 1072 3236 δὲ
1094 3167 1149 3234 καὶ
1174 3163 1273 3258 ἕτερος

191 3285 308 3345 Μίκων
331 3281 376 3355 τίς
398 3281 515 3344 πενίαν
537 3275 797 3365 κωμῳδούμενος.

147 3387 386 3473 Myronidae.
410 3386 543 3470 Lysistr.
570 3387 647 3450 801:
685 3383 742 3450 δύο
769 3384 962 3471 Μυρωνίδαι
984 3371 1068 3469 ἦσαν
1091 3381 1132 3461 ὥς
1154 3383 1190 3450 ἐν
1205 3381 1274 3450 Ἕκ-

186 3491 432 3583 κίηοιαζούσοιις
455 3491 647 3579 δεδήλωται·
677 3489 802 3558 ἐνθάδε
829 3496 938 3560 τοίνυν
966 3497 1125 3580 μέμνηται
1153 3499 1210 3560 τοῦ
1238 3493 1274 3560 ἐν

188 3601 383 3687 Οἰνοφύτοις
404 3587 598 3685 νικήσαντος.

145 3711 310 3796 Phaylli.
336 3708 473 3775 tharn.
493 3711 571 3775 214:
611 3712 638 3774 1.
664 3707 815 3791 Phayllus
839 3725 950 3774 cursor
973 3709 1121 3792 optimus.
1147 3707 1273 3788 ἐγένετο

68 4029 269 4138 “Rufino
299 4065 400 4123 fluidas
428 4067 552 4124 Eudooia
579 4066 757 4138 Etymologus
784 4067 901 4138 Magnus
924 4083 958 4124 ss.
983 4083 1024 4124 vr.
1050 4100 1082 4108 —
1107 4069 1222 4127 Baoidea
1245 4076 1274 4126 et

75 4149 181 4224 Sibyllae
199 4158 276 4214 omisi
298 4155 346 4228 [of.
367 4157 430 4213 diss.
449 4175 477 4227 p.
497 4159 526 4229 2]
547 4163 576 4212 et
594 4156 718 4213 Molonos
736 4157 781 4228 [of.
801 4173 827 4227 p.
849 4160 906 4216 130.
925 4157 987 4214 adu.
1008 4157 1079 4231 144].
