3034 4862
613 263 632 292 ε.
660 249 770 291 mon.
1238 231 1300 292 117

140 399 336 482 παιδαρίοις
365 399 396 464 δ’
424 399 539 485 έχρήτο
570 419 661 466 σπα-
778 406 950 466 Amemus
966 405 1032 466 xlss
1048 403 1134 466 563ο
1150 449 1158 465 .
1175 449 1207 466 ..
1232 398 1301 487 Ζή-

69 507 166 580 νίας,
189 503 245 566 καὶ
267 499 360 578 ἅπαξ
381 502 468 588 ήδίς
487 527 554 569 που
577 527 661 568 παι·
714 527 803 570 νωνα
824 506 882 570 τόν
903 510 1059 581 Φοίνικα,
1083 502 1119 580 ῦς
1141 503 1301 570 οὐδέποτε

67 607 237 690 δισκαρίῳ
267 611 350 682 τινί,
385 614 440 671 ίνα
470 609 514 692 μή
544 603 660 692 δοκοίη
713 611 846 689 γυναικὶ
868 607 1045 695 ἐχρήσατο,
1073 608 1247 684 παιδικοῖς
1269 608 1300 672 δ’

66 707 254 794 μισογύνης
277 711 374 774 εῖναι.
429 707 490 776 σόν
514 735 550 773 τε
574 715 660 791 Περ·
714 709 779 789 άεί,
804 711 847 788 ὥς
864 710 1093 791 Ἀντίγονος
1121 708 1141 776 ό
1168 709 1299 796 Καρό-

66 817 161 898 σαίῳ
193 813 252 897 τήν
284 810 386 896 αὐτήν
422 815 533 877 οέκίαν
566 811 658 900 ᾤκει·
713 833 830 890 στιος
859 814 985 899 ἱστορεῖ
1012 815 1113 900 ἐντῷ
1141 816 1300 899 περὶτοῦ

67 917 129 978 καὶ
154 911 255 980 αῦτοῦ
284 912 498 1000 αὐλητρίδιον
524 917 658 996 είσαγα-
713 923 789 1001 βίου
811 915 922 982 αὐτοῦ.

65 1017 186 1102 γόντος
198 1019 281 1102 πρὸς
296 1013 409 1096 αὐτόν,
425 1014 562 1094 σπάσας
576 1021 660 1103 πρὸς
776 1021 862 1085 607⁰
889 1021 972 1106 φησί
995 1019 1057 1104 γάρ
1075 1016 1298 1100 Ἀντίγονος

65 1123 129 1187 τόν
155 1127 322 1206 Περσαῖον
344 1119 423 1187 αὐτὸ
446 1119 626 1207 ἀπήγαγεν.
712 1123 730 1188 ό
758 1121 981 1206 Καρύστιος
1004 1123 1106 1207 ἐντῷ
1128 1123 1206 1208 περί
1230 1121 1298 1208 Ζή-

137 1222 177 1310 ήν
198 1249 245 1304 τε,
269 1231 386 1310 φασίν,
409 1218 658 1311 εόσυμπερίφο-
711 1249 814 1302 νωνος
841 1221 980 1310 γράφων
1013 1221 1077 1290 ὦδε
1105 1223 1247 1309 “Ζήνων
1279 1221 1298 1290 ό

65 1353 141 1414 ρος,
165 1325 208 1404 άς
227 1326 388 1404 πολλάκις
398 1326 588 1407 ’Λντίγονον
601 1329 659 1393 τόν
716 1331 850 1406 Κιτιεὺς
881 1333 1047 1414 Περσαίου
1080 1327 1174 1411 παρά
1204 1327 1297 1414 πότῳ

65 1430 214 1514 βασιλέα
241 1430 456 1515 ἐπικωμάσαι
485 1427 574 1518 αὐτῷ
601 1433 657 1495 καλ
711 1430 923 1517 αὐλητρίδιον
981 1435 1167 1515 πριαμένου
1222 1431 1296 1496 διο-

64 1537 155 1621 πρὸς
181 1533 391 1619 Ἀριστοκλέα
419 1534 476 1599 τόν
505 1539 656 1621 κιθαρῳ-
711 1537 864 1610 κνοῦντος
886 1537 1077 1614 εἰσαγαγεῖν
1092 1534 1176 1618 πρός
1196 1533 1297 1599 αὐτόν

65 1639 130 1704 δδν
147 1635 204 1720 ἅμ’
220 1637 308 1724 αὐτῷ
323 1636 439 1702 ἐλθεῖν
458 1637 517 1702 ἐπὶ
533 1639 655 1722 κόμαν,
710 1637 771 1702 διὰ
790 1639 827 1702 τὸ
850 1638 910 1722 τήν
930 1635 1032 1722 αὐτήν
1059 1631 1163 1702 οἰκεῖν
1185 1638 1296 1704 οῖκίαν

65 1746 142 1806 εἶτα
164 1745 277 1824 μέντοι
299 1738 477 1806 ὑποδῦναι.
710 1742 976 1824 συναισθόμενος
1009 1739 1202 1804 συνείλκυσε
1237 1741 1296 1823 τήν

132 1847 202 1926 (14)
223 1841 366 1918 ἐξέκλινε
388 1843 442 1919 δέ,
466 1847 570 1926 φασί,
598 1844 654 1906 καί
709 1842 892 1928 παιδίσκην
912 1845 968 1906 καλ
985 1841 1233 1922 συγκατέκλεισε
1248 1846 1294 1924 τῷ

63 1951 102 2014 τό
128 1947 388 2033 πολυδημῶδες,
412 1945 455 2022 ὠς
477 1945 531 2010 ἐπ’
554 1945 654 2028 ἄκρου
710 1947 893 2032 Περσαίῳ.”

63 2049 276 2130 καθίζεσθαι
309 2051 369 2114 τοῦ
395 2049 546 2132 βόθρου,
580 2072 654 2131 κερ-
778 2047 862 2112 603⁰
901 2047 1122 2128 Ἀντίγονος
1156 2046 1174 2112 ό
1212 2055 1293 2112 Κα-

62 2155 194 2219 δαίνων
215 2153 251 2218 τό
267 2155 346 2233 γοῦν
361 2157 473 2234 ἕτερον
486 2156 582 2236 μέρος
597 2155 653 2237 τής
708 2147 872 2236 ρ’όστιος
904 2152 940 2216 ἐν
971 2151 1019 2236 τῷ
1048 2151 1201 2236 Ζήνωνος
1228 2155 1292 2236 βίῳ

62 2253 276 2340 ἐνοχλήσεως.
324 2248 363 2320 οῦ
385 2251 451 2339 μήν
473 2251 550 2319 οῦδὲ
572 2255 655 2338 μετὰ
706 2249 830 2339 γράφει
853 2251 956 2330 οὕτως
977 2251 1182 2334 “Ἀντίγονος
1197 2251 1217 2318 ό
1232 2259 1293 2336 βα-

63 2355 233 2424 πλειόνων
253 2359 318 2423 τόν
340 2353 399 2422 δῦο
426 2355 446 2441 ἢ
472 2359 570 2441 τριῶν
591 2380 652 2422 πε-
706 2357 817 2432 σιλεύς
850 2355 1041 2440 ἐπεκώμαζε
1073 2359 1119 2442 τῷ
1152 2355 1291 2441 Ζήνωνι.

62 2457 232 2546 ριεπάτει,
260 2461 367 2536 ἐνίους
389 2460 427 2524 δέ
449 2461 504 2524 καί
531 2459 653 2540 χαλκόν
705 2464 762 2522 καί
778 2481 860 2524 ποτε
874 2459 932 2524 καί
947 2462 1026 2543 μεθ’
1042 2457 1167 2544 ἡμέραν
1181 2459 1292 2526 ἐλθών

61 2567 260 2648 είσέπραττε
281 2565 347 2627 τῶν
374 2565 650 2646 περιισταμένων,
706 2559 852 2637 ε’κτινος
874 2560 980 2628 πότου
1002 2565 1057 2626 καὶ
1076 2559 1291 2648 ἀναπηδήσας

62 2664 150 2732 ὥστε
183 2665 336 2740 δεδιότας
368 2665 405 2729 τό
439 2661 573 2728 διδόναι
606 2666 651 2750 μή
705 2665 790 2750 πρὸς
820 2665 878 2730 τόν
900 2664 1039 2750 Ζήνωνα
1067 2665 1201 2731 ἔπεισεν
1228 2663 1290 2730 αῦ-

61 2769 223 2851 ἐνοχλεῖν,
246 2767 340 2832 καθά
366 2784 450 2852 φησι
479 2764 651 2851 Κλεάνθης
704 2767 761 2832 τόν
809 2766 1023 2851 συγκωμάσαι
1071 2765 1159 2854 αὐτῷ
1207 2770 1291 2852 πρὸς

61 2873 96 2936 ἐν
128 2871 175 2956 τῷ
205 2871 283 2954 περὶ
311 2869 451 2950 χαλκοῦ·
484 2867 652 2935 ’πλειόνων
700 2867 910 2954 Ἀριστοκλέα
940 2871 998 2935 τόν
1026 2870 1219 2958 κιθαρῳδὸν
1252 2865 1291 2935 οὗ

60 2999 94 3038 τε
124 2969 355 3056 περιστάντων
387 2967 505 3048 αῦτόν,
540 2971 651 3049 δείξας
704 2972 836 3058 σφόδρα
858 2971 921 3057 ήρα
943 2971 960 3038 ό
985 2971 1152 3056 βασιλεῦς.

60 3079 95 3141 ἐν
128 3078 171 3166 τή
205 3078 288 3156 στοᾷ
319 3076 389 3139 κατ’
422 3074 524 3160 ἄκρου
556 3075 594 3140 τό
629 3069 760 3150 ξόλινον
787 3078 963 3162 περιφερὲς
990 3079 1049 3140 τοῦ
1071 3077 1187 3159 βωμοῦ
1209 3075 1287 3160 ἔφη,

61 3177 187 3246 “τοῦτό
214 3181 286 3242 ποτ’
315 3178 348 3240 ἐν
375 3182 464 3264 μέσῳ
488 3178 609 3255 ἔκειτο,
643 3177 703 3242 διά
729 3180 768 3242 δέ
796 3179 833 3242 τό
857 3177 1052 3262 ἐμποδίζειν
1076 3177 1148 3257 ίδίᾳ
1171 3179 1287 3262 ἐτέθη·

61 3285 115 3346 καὶ
140 3279 238 3364 ῦμεῖς
260 3276 319 3345 οὖν
340 3280 375 3343 ἐκ
396 3283 454 3344 τοῦ
475 3285 578 3363 μέσου
601 3277 825 3363 βαστάσαντες
852 3279 970 3356 αὐτοῦς
997 3276 1092 3367 ήττον
1114 3275 1194 3366 ήμῖν
1215 3273 1287 3345 ἐνο-

61 3385 226 3470 χλήσετε.”
282 3380 500 3467 Δημοχάρους
522 3383 559 3446 δέ
580 3385 638 3448 τοῦ
664 3381 819 3469 Λάχητος
841 3381 1075 3468 ἀσπαζομένου
1102 3377 1202 3448 αὐτὸν
1221 3382 1287 3447 Ικαί

61 3487 250 3570 φάσκοντος
271 3483 378 3565 λέγειν
400 3487 456 3548 καὶ
478 3485 619 3572 γράφειν
641 3481 686 3552 ὦν
708 3486 749 3552 άν
771 3493 885 3571 χρείαν
905 3488 960 3572 ε’χη
985 3487 1068 3570 πρός
1085 3483 1286 3565 Ἀντίγονον,

62 3587 102 3665 δς
125 3591 256 3656 ἐκείνου
279 3585 389 3654 πάντα
411 3589 626 3674 παρέξοντος,
655 3587 798 3666 άκοόσας
827 3587 928 3656 οὐκέτ’
952 3585 1038 3675 αὐτῷ
1061 3589 1285 3672 συνδιέτριψε.

60 3765 275 3778 --.-.--ι-·

149 3884 432 3956 Βὶυχ.14οείετ1ίο1ι
456 3883 563 3942 fordert
581 3884 765 3940 Demochares
790 3885 843 3938 den
862 3885 956 3938 Zenon
974 3883 1034 3950 auf,
1058 3884 1117 3938 sich
1141 3883 1185 3938 bei
1205 3884 1285 3938 Anti·

63 3993 146 4044 ςοοοε
163 3977 210 4032 fur
222 3975 271 4030 ihn
283 3989 319 4028 zu
332 3975 498 4030 τεεκεαδεο.
530 3975 579 4030 das
591 3973 769 4040 umgekehrte
788 3989 822 4026 zu
841 3971 988 4028 εεεείείιεο
1007 3973 1043 4026 ist
1062 3973 1131 4028 nach
1146 3971 1285 4040 Diogenes

62 4075 163 4122 κοηειι
183 4063 362 4132 τετεεὶίιίίοίι,
381 4063 448 4120 aber
465 4063 543 4118 nicht
561 4062 588 4116 iu
607 4061 771 4116 anbetraoht
789 4061 838 4114 der
857 4061 975 4130 stellung
993 4060 1088 4116 beider
1106 4065 1225 4116 munner.
