3016 4858
224 211 285 274 152

220 393 373 454 storenns
403 383 623 466 Hipparchus3
651 401 727 448 narn
754 383 947 449 Posidonius
973 383 1148 449 Panaetius
1175 381 1338 449 Cornutus
1369 385 1444 450 olim

221 493 385 560 inluerunt
413 491 560 574 Diogeni
610 509 803 574 quamquam
832 491 884 556 uel
911 491 951 556 de
978 493 1073 557 unico
1100 491 1157 556 illo
1187 496 1321 556 auctore
1348 491 1446 556 alicui

221 601 417 668 dubitationi
438 599 528 664 lucus
552 605 611 664 est
651 599 745 664 mitto
761 598 967 682 Pythagorea
980 598 1145 681 Hesychii,
1168 597 1336 681 probabile
1361 599 1446 664 enim

221 715 272 775 cst
294 709 392 773 latius
413 711 525 789 patere
548 725 645 789 quam
664 705 878 772 demonstrari
901 711 1011 789 petest
1025 705 1195 789 Porphyrii
1218 725 1325 784 usnm3
1349 707 1446 772 mitto

223 819 412 899 Diagoram,
441 815 497 897 qui
526 833 590 878 non
618 819 782 896 tamquam
811 813 1036 896 philosophus
1067 814 1125 879 sed
1152 819 1318 897 tamquam
1347 821 1447 898 poeta

223 929 373 1006 receptus
396 936 468 987 esse
491 921 628 1002 videtur,
652 920 787 1004 perinde
810 927 908 1004 atque
931 921 1129 1002 Alcidamas,
1158 923 1213 1004 qui
1243 941 1314 988 cnm
1338 923 1448 988 rheto

222 1031 311 1096 ribus
340 1049 360 1094 a
387 1029 508 1112 Gorgia
536 1035 571 1094 ct
592 1029 737 1095 Isocrate
764 1027 980 1110 pendentibus
1011 1029 1180 1110 cohaeret,
1209 1049 1347 1112 quorum
1377 1029 1447 1096 tons

223 1141 441 1220 incompertus
465 1141 530 1216 est3
555 1137 655 1202 etiarn
681 1137 715 1200 in
732 1133 824 1218 Syrio
840 1134 1024 1218 Pherecydc
1047 1154 1112 1200 non
1135 1153 1199 1201 una
1222 1137 1448 1219 explicationis

222 1247 274 1312 via
298 1251 412 1326 aperta
436 1233 501 1309 est'
535 1243 593 1310 sed
616 1243 671 1326 qni
694 1241 733 1308 fit
754 1249 792 1308 ιιι
813 1243 1049 1325 Megaricorum
1080 1243 1240 1309 successio
1263 1243 1448 1328 discrepet?

223 1353 365 1418 Euclidis
389 1351 518 1434 quidem
546 1352 614 1416 uita
642 1349 729 1432 apud
752 1349 883 1415 Suidum
911 1355 978 1416 ιιιιι
1006 1349 1099 1414 saihs
1132 1353 1183 1415 est
1204 1355 1241 1416 ιιι
1264 1353 1449 1417 concinnari

224 1481 294 1528 cum
313 1461 458 1541 Diogene
481 1458 595 1540 possit,
620 1457 678 1523 sed
695 1457 851 1541 Ichthyse
874 1457 1108 1524 successionem
1131 1455 1184 1521 hic
1206 1457 1337 1539 ignorat
1359 1461 1449 1526 etin

224 1569 369 1651 Stilpone
393 1585 434 1631 ne
456 1565 570 1630 umbra
593 1563 723 1648 quidem
746 1582 930 1630 consensus.
968 1583 1065 1647 porro
1089 1563 1176 1629 haud
1191 1563 1274 1631 bene
1290 1583 1363 1632 cum
1387 1587 1450 1632 uno

224 1677 280 1742 illo
305 1681 437 1740 auctore
455 1673 602 1754 congruit
625 1673 711 1754 quod
726 1671 905 1755 Hesychius
927 1690 1043 1738 nouam
1067 1671 1272 1737 Academiam
1296 1680 1331 1740 et
1353 1675 1450 1740 aLa·

225 1783 303 1868 cyde
328 1789 362 1848 et
385 1801 404 1846 a
428 1779 594 1846 Carneade
618 1779 697 1845 dicit
720 1779 875 1862 coepisse,
905 1780 994 1844 cuius
1017 1779 1104 1845 modi
1126 1779 1208 1844 nihil
1230 1779 1264 1846 in
1287 1781 1448 1865 Diogene;

224 1893 280 1957 sed
304 1892 337 1955 in
354 1888 553 1954 Academicis
569 1887 697 1952 omuino
718 1887 839 1952 titubat
862 1885 1024 1968 iudicium,
1049 1906 1120 1952 cum
1142 1887 1228 1952 inter
1243 1887 1450 1954 Polemonem

225 2007 257 2064 et
286 1997 443 2079 Lacydem
477 1995 567 2060 nulla
593 1995 660 2060 uita
688 1994 729 2059 ab
757 1993 917 2076 Hesychio
947 1991 1012 2078 (rel
1040 2013 1060 2058 a
1091 1993 1203 2078 Suida)
1233 2001 1367 2078 recepta
1398 1997 1448 2062 sit

224 2127 264 2172 ne
288 2107 321 2172 iu
340 2105 456 2171 Stoicis
480 2103 608 2186 quidem
629 2101 736 2167 omnia
759 2101 870 2184 plana;
894 2119 969 2166 nam
985 2099 1118 2167 Cornuti
1143 2101 1210 2166 uita
1232 2102 1363 2169 ridetur
1379 2123 1450 2170 cum

226 2213 373 2280 blusunio
403 2211 589 2292 cohaerere,
626 2227 721 2292 quem
743 2209 882 2291 Diogeni
916 2207 1050 2275 infuisse
1078 2227 1143 2274 non
1171 2213 1315 2292 mustat,
1345 2231 1450 2294 neque

224 2319 391 2404 probabile
415 2323 475 2398 est,
500 2317 527 2382 si
551 2317 681 2400 quidem
704 2317 831 2383 iunctus
855 2321 905 2383 est
928 2317 1101 2382 secundum
1118 2315 1248 2382 Suidum
1264 2337 1337 2383 cum
1353 2319 1449 2402 Apol·

224 2429 310 2494 lunio
344 2427 519 2509 Tyanensi,
556 2425 610 2507 qni
643 2431 677 2490 et
711 2425 835 2490 alienus
864 2424 1052 2507 aDiogene
1086 2429 1120 2489 et
1154 2423 1325 2490 obscurum
1359 2427 1448 2492 illum

227 2535 492 2618 Agnesphentem,
510 2550 701 2616 quamquam
714 2533 747 2598 in
759 2533 863 2598 altera
875 2537 1000 2598 tantum
1018 2532 1135 2614 glossa,
1153 2531 1282 2598 excitat
1312 2533 1450 2617 denique

226 2646 380 2725 ingruunt
409 2641 593 2723 philosophi
625 2641 680 2724 qui
708 2641 791 2706 eitra
818 2639 974 2722 Diogenis
1002 2639 1158 2706 terminos
1186 2640 1336 2707 vixerunt
1367 2661 1449 2708 com-

226 2753 344 2834 plures.
386 2750 442 2814 sed
466 2750 631 2814 mittamus
661 2748 802 2830 singula,
831 2749 1024 2830 praesertim
1049 2767 1119 2814 eum
1142 2765 1184 2813 ne
1206 2765 1358 2814 conemur
1383 2747 1450 2831 qui·

226 2859 298 2924 dem
323 2857 495 2940 quidquam
518 2856 634 2921 docere
657 2856 745 2922 novi:
771 2859 894 2921 certum
918 2861 969 2921 est
992 2857 1056 2920 iam
1071 2873 1271 2922 communem
1287 2863 1449 2922 auctorem

228 2969 259 3032 in
285 2965 401 3032 Stoicis
425 2983 526 3046 usque
555 2963 596 3028 ad
626 2961 802 3043 Neronem,
833 2963 866 3027 in
891 2963 1091 3028 Academicis
1120 2981 1161 3028 ne
1189 2963 1231 3028 ad
1258 2963 1449 3030 Antiochum

227 3073 355 3156 quidem
379 3069 590 3154 pertinuisse;
615 3087 689 3134 uam
713 3068 947 3151 praelationem
969 3087 1033 3135 non
1055 3069 1158 3135 multo
1181 3075 1257 3152 post
1271 3073 1449 3154 Angustum

228 3181 376 3264 primitus
401 3179 610 3261 compositam
634 3195 706 3242 csse
731 3195 748 3241 e
772 3175 882 3242 schola
909 3177 1061 3244 eclectica
1088 3173 1151 3263 πρὸ
1173 3171 1287 3256 ὀλίγου
1314 3199 1335 3244 a
1356 3179 1449 3246 Pota·

228 3307 322 3354 unone
356 3287 485 3354 condita
519 3286 665 3368 sequitur
704 3285 808 3369 (tuam
846 3286 1041 3351 sententiam
1075 3303 1132 3350 cur
1166 3285 1336 3368 inprobem
1369 3286 1451 3354 inira

229 3397 362 3482 dicam),
394 3413 497 3477 neque
524 3393 620 3459 aliter
647 3393 687 3458 de
710 3393 849 3475 Epicuro
877 3393 1082 3459 iudicandum
1108 3397 1167 3459 est.
1214 3399 1353 3476 possunt
1375 3394 1450 3459 baec

229 3523 306 3570 sane
342 3505 389 3570 ita
428 3501 560 3568 enodari
599 3505 636 3568 ut
675 3519 802 3566 errasse
842 3505 1011 3566 censeatur
1051 3500 1241 3583 compilator
1280 3503 1336 3584 qui
1371 3501 1452 3568 circa

229 3610 464 3678 Antoninorum
493 3613 633 3676 aetatem
661 3607 774 3689 fuerit,
811 3608 868 3674 sed
896 3608 986 3676 vides
1012 3626 1053 3674 ne
1081 3609 1114 3674 in
1136 3607 1298 3692 Hesychio
1326 3609 1450 3693 quiden

230 3719 326 3802 plane
356 3722 503 3784 constare
534 3735 631 3782 unum
666 3721 763 3800 atque
791 3715 927 3781 eundem
954 3717 988 3782 in
1017 3715 1163 3782 omnibus
1197 3715 1331 3782 subesse
1355 3717 1451 3798 scrip

231 3833 343 3892 torem.
391 3824 492 3890 multe
521 3825 625 3889 minus
654 3823 694 3890 ab
722 3823 783 3890 hoc
812 3843 876 3890 uno
904 3823 1009 3906 repeti
1038 3827 1149 3906 potest
1170 3821 1371 3908 Porphyrius
1400 3827 1453 3890 aut

232 3933 367 3998 Albinus
402 3937 458 3998 aut
493 3933 678 4015 Appuleius.
739 3932 889 3998 nimirum
920 3951 980 4015 pre
1015 3931 1127 3998 eadem
1160 3949 1301 4014 persona
1335 3933 1452 4000 rectius

233 4039 363 4122 ponitur
397 4039 508 4104 eadem
543 4039 697 4106 doctrina
750 4039 837 4122 quod
870 4044 906 4104 tu
939 4039 1118 4106 luculenter
1152 4040 1347 4124 exposuisti,
1382 4039 1452 4106 ulti-

234 4147 294 4212 mis
321 4146 459 4212 labeutis
488 4147 690 4228 antiquitatis
718 4146 916 4229 temporibus
945 4147 1079 4213 eandem
1109 4146 1301 4214 eruditionis
1331 4148 1452 4230 copiam
