<?xml version="1.0" encoding="UTF-8"?>
<!DOCTYPE html PUBLIC "-//W3C//DTD XHTML 1.0 Transitional//EN"
    "http://www.w3.org/TR/xhtml1/DTD/xhtml1-transitional.dtd">
<html xmlns="http://www.w3.org/1999/xhtml" xml:lang="en" lang="en">
 <head>
  <title>
</title>
<meta http-equiv="Content-Type" content="text/html;charset=utf-8" />
  <meta name='ocr-system' content='tesseract 3.04.00' />
  <meta name='ocr-capabilities' content='ocr_page ocr_carea ocr_par ocr_line ocrx_word'/>
</head>
<body>
  <div class='ocr_page' id='page_1' title='image "./philologischeun00maasgoog/philologischeun00maasgoog_0479.png"; bbox 0 0 3016 4858; ppageno 0'>
   <div class='ocr_carea' id='block_1_1' title="bbox 228 191 289 252">
    <p class='ocr_par' dir='ltr' id='par_1_1' title="bbox 228 191 289 252">
     <span class='ocr_line' id='line_1_1' title="bbox 228 191 289 252; baseline 0 0"><span class='ocrx_word' id='word_1_1' title='bbox 228 191 289 252; x_wconf 80' lang='lat'>102</span> 
     </span>
    </p>
   </div>
   <div class='ocr_carea' id='block_1_2' title="bbox 225 365 1433 558">
    <p class='ocr_par' dir='ltr' id='par_1_2' title="bbox 225 365 1433 558">
     <span class='ocr_line' id='line_1_2' title="bbox 225 365 1433 450; baseline -0.004 -18"><span class='ocrx_word' id='word_1_2' title='bbox 225 367 391 450; x_wconf 88' lang='lat' dir='ltr'>utriusque</span> <span class='ocrx_word' id='word_1_3' title='bbox 429 367 614 448; x_wconf 89' lang='lat' dir='ltr'>partitionis</span> <span class='ocrx_word' id='word_1_4' title='bbox 655 372 803 432; x_wconf 80' lang='lat' dir='ltr'><strong>auctores</strong></span> <span class='ocrx_word' id='word_1_5' title='bbox 837 369 1063 447; x_wconf 86' lang='lat' dir='ltr'>innotuerunt,</span> <span class='ocrx_word' id='word_1_6' title='bbox 1103 365 1171 432; x_wconf 92' lang='lat' dir='ltr'>lore</span> <span class='ocrx_word' id='word_1_7' title='bbox 1208 385 1362 450; x_wconf 76' lang='lat' dir='ltr'>auguror,</span> <span class='ocrx_word' id='word_1_8' title='bbox 1400 367 1433 428; x_wconf 91' lang='lat' dir='ltr'>ut</span> 
     </span>
     <span class='ocr_line' id='line_1_3' title="bbox 226 474 765 558; baseline 0 -18"><span class='ocrx_word' id='word_1_9' title='bbox 226 476 411 558; x_wconf 78' lang='lat' dir='ltr'>ceteroquin</span> <span class='ocrx_word' id='word_1_10' title='bbox 435 475 531 540; x_wconf 91' lang='lat' dir='ltr'>iidem</span> <span class='ocrx_word' id='word_1_11' title='bbox 554 474 765 540; x_wconf 76' lang='lat' dir='ltr'><strong>innotescant.</strong></span> 
     </span>
    </p>
   </div>
   <div class='ocr_carea' id='block_1_3' title="bbox 313 599 877 680">
    <p class='ocr_par' dir='ltr' id='par_1_3' title="bbox 313 599 877 680">
     <span class='ocr_line' id='line_1_4' title="bbox 313 599 877 680; baseline -0.004 -14"><span class='ocrx_word' id='word_1_12' title='bbox 313 601 343 666; x_wconf 92' lang='lat' dir='ltr'>b.</span> <span class='ocrx_word' id='word_1_13' title='bbox 368 599 435 666; x_wconf 87' lang='lat' dir='ltr'>Nec</span> <span class='ocrx_word' id='word_1_14' title='bbox 458 599 574 664; x_wconf 83' lang='lat' dir='ltr'><strong>desunt</strong></span> <span class='ocrx_word' id='word_1_15' title='bbox 597 599 662 664; x_wconf 90' lang='lat' dir='ltr'>alia</span> <span class='ocrx_word' id='word_1_16' title='bbox 684 599 752 664; x_wconf 88' lang='lat' dir='ltr'>veri</span> <span class='ocrx_word' id='word_1_17' title='bbox 776 599 877 680; x_wconf 84' lang='lat' dir='ltr'>signa.</span> 
     </span>
    </p>
   </div>
   <div class='ocr_carea' id='block_1_4' title="bbox 225 722 1436 1021">
    <p class='ocr_par' dir='ltr' id='par_1_4' title="bbox 225 722 1436 1021">
     <span class='ocr_line' id='line_1_5' title="bbox 313 722 1436 806; baseline -0.004 -17"><span class='ocrx_word' id='word_1_18' title='bbox 313 725 506 806; x_wconf 88' lang='lat' dir='ltr'>Bipartitam</span> <span class='ocrx_word' id='word_1_19' title='bbox 541 723 731 806; x_wconf 78' lang='lat' dir='ltr'>Leucippi</span> <span class='ocrx_word' id='word_1_20' title='bbox 767 724 919 806; x_wconf 85' lang='lat' dir='ltr'>dogmata</span> <span class='ocrx_word' id='word_1_21' title='bbox 952 729 1085 805; x_wconf 84' lang='lat' dir='ltr'>experta</span> <span class='ocrx_word' id='word_1_22' title='bbox 1120 727 1195 788; x_wconf 89' lang='lat' dir='ltr'>sunt</span> <span class='ocrx_word' id='word_1_23' title='bbox 1229 722 1436 788; x_wconf 81' lang='lat' dir='ltr'>recensionem</span> 
     </span>
     <span class='ocr_line' id='line_1_6' title="bbox 225 827 1436 914; baseline -0.005 -18"><span class='ocrx_word' id='word_1_24' title='bbox 225 831 271 896; x_wconf 86' lang='lat' dir='ltr'>Ill</span> <span class='ocrx_word' id='word_1_25' title='bbox 295 831 337 896; x_wconf 84' lang='lat'>30</span> <span class='ocrx_word' id='word_1_26' title='bbox 365 831 561 914; x_wconf 82' lang='lat' dir='ltr'>generalem,</span> <span class='ocrx_word' id='word_1_27' title='bbox 592 831 722 895; x_wconf 84' lang='lat'>31-38</span> <span class='ocrx_word' id='word_1_28' title='bbox 752 829 942 912; x_wconf 80' lang='lat' dir='ltr'>specialem,</span> <span class='ocrx_word' id='word_1_29' title='bbox 973 835 1143 912; x_wconf 87' lang='lat' dir='ltr'>utramque</span> <span class='ocrx_word' id='word_1_30' title='bbox 1171 847 1209 895; x_wconf 84' lang='lat' dir='ltr'>en</span> <span class='ocrx_word' id='word_1_31' title='bbox 1233 827 1436 912; x_wconf 82' lang='lat' dir='ltr'>Theophrasti</span> 
     </span>
     <span class='ocr_line' id='line_1_7' title="bbox 226 935 829 1021; baseline 0 -19"><span class='ocrx_word' id='word_1_32' title='bbox 226 937 387 1003; x_wconf 87' lang='lat' dir='ltr'>thesauris</span> <span class='ocrx_word' id='word_1_33' title='bbox 412 937 538 1002; x_wconf 90' lang='lat' dir='ltr'>ductam</span> <span class='ocrx_word' id='word_1_34' title='bbox 562 937 665 1020; x_wconf 87' lang='lat' dir='ltr'>[Diels</span> <span class='ocrx_word' id='word_1_35' title='bbox 685 957 715 1019; x_wconf 92' lang='lat' dir='ltr'>p.</span> <span class='ocrx_word' id='word_1_36' title='bbox 736 935 829 1021; x_wconf 74' lang='grc' dir='ltr'>165]ε</span> 
     </span>
    </p>
   </div>
   <div class='ocr_carea' id='block_1_5' title="bbox 225 1077 1441 1807">
    <p class='ocr_par' dir='ltr' id='par_1_5' title="bbox 225 1077 1441 1807">
     <span class='ocr_line' id='line_1_8' title="bbox 315 1077 1438 1165; baseline -0.004 -21"><span class='ocrx_word' id='word_1_37' title='bbox 315 1080 424 1165; x_wconf 78' lang='grc' dir='ltr'><strong><em>ἤρεσκε</em></strong></span> <span class='ocrx_word' id='word_1_38' title='bbox 448 1081 477 1142; x_wconf 79' lang='grc' dir='ltr'>δ’</span> <span class='ocrx_word' id='word_1_39' title='bbox 502 1077 586 1164; x_wconf 79' lang='grc' dir='ltr'><strong><em>αὐτῷ</em></strong></span> <span class='ocrx_word' id='word_1_40' title='bbox 609 1081 728 1165; x_wconf 82' lang='grc' dir='ltr'><strong><em>ἄπειρα</em></strong></span> <span class='ocrx_word' id='word_1_41' title='bbox 751 1081 837 1145; x_wconf 74' lang='grc' dir='ltr'><strong><em>εἶναι</em></strong></span> <span class='ocrx_word' id='word_1_42' title='bbox 860 1079 897 1143; x_wconf 88' lang='grc' dir='ltr'><strong><em>τά</em></strong></span> <span class='ocrx_word' id='word_1_43' title='bbox 923 1077 1034 1144; x_wconf 82' lang='grc' dir='ltr'><strong><em>πάντα</em></strong></span> <span class='ocrx_word' id='word_1_44' title='bbox 1057 1082 1112 1144; x_wconf 79' lang='grc' dir='ltr'>καὶ</span> <span class='ocrx_word' id='word_1_45' title='bbox 1137 1082 1182 1154; x_wconf 74' lang='lat' dir='ltr'>sle</span> <span class='ocrx_word' id='word_1_46' title='bbox 1205 1079 1332 1165; x_wconf 86' lang='grc' dir='ltr'><strong><em>ἄλληλα</em></strong></span> <span class='ocrx_word' id='word_1_47' title='bbox 1354 1101 1438 1162; x_wconf 73' lang='grc' dir='ltr'><strong><em>μετο-</em></strong></span> 
     </span>
     <span class='ocr_line' id='line_1_9' title="bbox 225 1183 1438 1272; baseline -0.001 -21"><span class='ocrx_word' id='word_1_48' title='bbox 225 1185 371 1269; x_wconf 77' lang='grc' dir='ltr'><strong><em>βάλλειν·</em></strong></span> <span class='ocrx_word' id='word_1_49' title='bbox 396 1185 483 1250; x_wconf 85' lang='grc' dir='ltr'><strong><em>τότε</em></strong></span> <span class='ocrx_word' id='word_1_50' title='bbox 500 1187 567 1252; x_wconf 84' lang='grc' dir='ltr'>πάν</span> <span class='ocrx_word' id='word_1_51' title='bbox 591 1189 674 1250; x_wconf 78' lang='lat' dir='ltr'>rivas</span> <span class='ocrx_word' id='word_1_52' title='bbox 697 1185 790 1250; x_wconf 86' lang='grc' dir='ltr'><strong><em>κενὸν</em></strong></span> <span class='ocrx_word' id='word_1_53' title='bbox 814 1185 868 1250; x_wconf 82' lang='grc' dir='ltr'><strong><em>καλ</em></strong></span> <span class='ocrx_word' id='word_1_54' title='bbox 892 1185 1008 1272; x_wconf 84' lang='grc' dir='ltr'><strong><em>πλῆρες</em></strong></span> <span class='ocrx_word' id='word_1_55' title='bbox 1031 1186 1205 1268; x_wconf 87' lang='grc' dir='ltr'><strong><em>σωμάτων·</em></strong></span> <span class='ocrx_word' id='word_1_56' title='bbox 1229 1185 1303 1264; x_wconf 84' lang='grc' dir='ltr'><strong><em>τοός</em></strong></span> <span class='ocrx_word' id='word_1_57' title='bbox 1324 1210 1357 1250; x_wconf 87' lang='grc' dir='ltr'><strong><em>τε</em></strong></span> <span class='ocrx_word' id='word_1_58' title='bbox 1377 1183 1438 1250; x_wconf 66' lang='grc' dir='ltr'><strong><em>τόδ</em></strong></span> 
     </span>
     <span class='ocr_line' id='line_1_10' title="bbox 226 1291 1439 1378; baseline -0.003 -19"><span class='ocrx_word' id='word_1_59' title='bbox 226 1317 305 1378; x_wconf 90' lang='grc' dir='ltr'><strong><em>μους</em></strong></span> <span class='ocrx_word' id='word_1_60' title='bbox 334 1297 485 1372; x_wconf 70' lang='grc' dir='ltr'><strong><em>γίνεσθαι</em></strong></span> <span class='ocrx_word' id='word_1_61' title='bbox 515 1291 671 1378; x_wconf 86' lang='grc' dir='ltr'><strong><em>σωμάτων</em></strong></span> <span class='ocrx_word' id='word_1_62' title='bbox 700 1296 745 1368; x_wconf 76' lang='grc' dir='ltr'><strong><em>εἰς</em></strong></span> <span class='ocrx_word' id='word_1_63' title='bbox 772 1291 810 1358; x_wconf 87' lang='grc' dir='ltr'><strong><em>τό</em></strong></span> <span class='ocrx_word' id='word_1_64' title='bbox 836 1293 932 1358; x_wconf 81' lang='grc' dir='ltr'><strong><em>κενόν</em></strong></span> <span class='ocrx_word' id='word_1_65' title='bbox 954 1291 1182 1376; x_wconf 75' lang='grc' dir='ltr'><strong><em>ἐμπιπτόντων</em></strong></span> <span class='ocrx_word' id='word_1_66' title='bbox 1209 1294 1266 1358; x_wconf 81' lang='grc' dir='ltr'>καὶ</span> <span class='ocrx_word' id='word_1_67' title='bbox 1296 1291 1439 1378; x_wconf 79' lang='grc' dir='ltr'><strong><em>ἀλληλοις</em></strong></span> 
     </span>
     <span class='ocr_line' id='line_1_11' title="bbox 227 1397 1439 1486; baseline 0 -22"><span class='ocrx_word' id='word_1_68' title='bbox 227 1401 523 1486; x_wconf 85' lang='grc' dir='ltr'><strong><em>περιπλεκομένων·</em></strong></span> <span class='ocrx_word' id='word_1_69' title='bbox 558 1401 593 1464; x_wconf 75' lang='grc' dir='ltr'>ἐκ</span> <span class='ocrx_word' id='word_1_70' title='bbox 630 1401 666 1466; x_wconf 74' lang='grc' dir='ltr'>δὲ</span> <span class='ocrx_word' id='word_1_71' title='bbox 697 1401 752 1484; x_wconf 78' lang='grc' dir='ltr'>τῆς</span> <span class='ocrx_word' id='word_1_72' title='bbox 785 1399 934 1486; x_wconf 80' lang='grc' dir='ltr'><strong><em>κινήσεως</em></strong></span> <span class='ocrx_word' id='word_1_73' title='bbox 967 1398 1048 1464; x_wconf 88' lang='grc' dir='ltr'><strong><em>κατὰ</em></strong></span> <span class='ocrx_word' id='word_1_74' title='bbox 1081 1397 1141 1485; x_wconf 76' lang='grc' dir='ltr'>την</span> <span class='ocrx_word' id='word_1_75' title='bbox 1175 1401 1310 1486; x_wconf 76' lang='grc' dir='ltr'><strong><em>αὔξησιν</em></strong></span> <span class='ocrx_word' id='word_1_76' title='bbox 1343 1397 1439 1465; x_wconf 71' lang='grc' dir='ltr'><strong><em>αὐτόν</em></strong></span> 
     </span>
     <span class='ocr_line' id='line_1_12' title="bbox 226 1504 1441 1594; baseline 0.002 -26"><span class='ocrx_word' id='word_1_77' title='bbox 226 1512 379 1588; x_wconf 75' lang='grc' dir='ltr'><strong><em>γίνεσθαι</em></strong></span> <span class='ocrx_word' id='word_1_78' title='bbox 413 1507 470 1590; x_wconf 80' lang='grc' dir='ltr'><strong><em>τὴν</em></strong></span> <span class='ocrx_word' id='word_1_79' title='bbox 503 1507 568 1571; x_wconf 78' lang='grc' dir='ltr'><strong><em>τῶν</em></strong></span> <span class='ocrx_word' id='word_1_80' title='bbox 602 1505 744 1590; x_wconf 81' lang='grc' dir='ltr'><strong><em>ἀστέρων</em></strong></span> <span class='ocrx_word' id='word_1_81' title='bbox 778 1504 892 1592; x_wconf 83' lang='grc' dir='ltr'><strong><em>φύσιν·</em></strong></span> <span class='ocrx_word' id='word_1_82' title='bbox 927 1510 1091 1592; x_wconf 76' lang='grc' dir='ltr'><strong><em>φέρεσθαι</em></strong></span> <span class='ocrx_word' id='word_1_83' title='bbox 1130 1506 1167 1571; x_wconf 77' lang='grc' dir='ltr'>δὲ</span> <span class='ocrx_word' id='word_1_84' title='bbox 1200 1507 1258 1572; x_wconf 82' lang='grc' dir='ltr'><strong><em>τόν</em></strong></span> <span class='ocrx_word' id='word_1_85' title='bbox 1293 1507 1381 1594; x_wconf 77' lang='grc' dir='ltr'><strong><em>ἣλιον</em></strong></span> <span class='ocrx_word' id='word_1_86' title='bbox 1413 1505 1441 1570; x_wconf 78' lang='grc' dir='ltr'>ἐν</span> 
     </span>
     <span class='ocr_line' id='line_1_13' title="bbox 228 1609 1439 1700; baseline -0.004 -22"><span class='ocrx_word' id='word_1_87' title='bbox 228 1615 351 1698; x_wconf 82' lang='grc' dir='ltr'><strong><em>μείζονι</em></strong></span> <span class='ocrx_word' id='word_1_88' title='bbox 388 1613 492 1699; x_wconf 79' lang='grc' dir='ltr'><strong><em>κύκλῳ</em></strong></span> <span class='ocrx_word' id='word_1_89' title='bbox 526 1611 617 1700; x_wconf 86' lang='grc' dir='ltr'><strong><em>παρά</em></strong></span> <span class='ocrx_word' id='word_1_90' title='bbox 655 1611 712 1698; x_wconf 78' lang='grc' dir='ltr'>την</span> <span class='ocrx_word' id='word_1_91' title='bbox 749 1612 901 1700; x_wconf 75' lang='grc' dir='ltr'><strong><em>σελήνην·</em></strong></span> <span class='ocrx_word' id='word_1_92' title='bbox 936 1613 993 1698; x_wconf 78' lang='grc' dir='ltr'>την</span> <span class='ocrx_word' id='word_1_93' title='bbox 1026 1615 1086 1698; x_wconf 79' lang='grc' dir='ltr'>γῆν</span> <span class='ocrx_word' id='word_1_94' title='bbox 1120 1609 1273 1696; x_wconf 74' lang='grc' dir='ltr'><strong><em>ὀχεῖσθαι</em></strong></span> <span class='ocrx_word' id='word_1_95' title='bbox 1308 1619 1380 1698; x_wconf 77' lang='grc' dir='ltr'><strong><em>περὶ</em></strong></span> <span class='ocrx_word' id='word_1_96' title='bbox 1411 1635 1439 1674; x_wconf 83' lang='grc' dir='ltr'><strong><em>το</em></strong></span> 
     </span>
     <span class='ocr_line' id='line_1_14' title="bbox 226 1717 1226 1807; baseline 0.001 -24"><span class='ocrx_word' id='word_1_97' title='bbox 226 1724 325 1805; x_wconf 84' lang='grc' dir='ltr'><strong><em>μέσον</em></strong></span> <span class='ocrx_word' id='word_1_98' title='bbox 348 1720 537 1807; x_wconf 79' lang='grc' dir='ltr'><strong><em>δινουμένην</em></strong></span> <span class='ocrx_word' id='word_1_99' title='bbox 560 1717 668 1806; x_wconf 77' lang='grc' dir='ltr'><strong><em>σχῆμά</em></strong></span> <span class='ocrx_word' id='word_1_100' title='bbox 689 1721 715 1784; x_wconf 86' lang='grc' dir='ltr'><strong><em>τ’</em></strong></span> <span class='ocrx_word' id='word_1_101' title='bbox 741 1719 841 1807; x_wconf 77' lang='grc' dir='ltr'><strong><em>αὐτῆς</em></strong></span> <span class='ocrx_word' id='word_1_102' title='bbox 864 1719 1100 1806; x_wconf 75' lang='grc' dir='ltr'><strong><em>τυμπανοειδές</em></strong></span> <span class='ocrx_word' id='word_1_103' title='bbox 1123 1724 1226 1786; x_wconf 69' lang='grc' dir='ltr'><strong><em>εἶναι·</em></strong></span> 
     </span>
    </p>
   </div>
   <div class='ocr_carea' id='block_1_6' title="bbox 228 1811 1443 2022">
    <p class='ocr_par' dir='ltr' id='par_1_6' title="bbox 228 1811 1443 2022">
     <span class='ocr_line' id='line_1_15' title="bbox 228 1811 1443 1915; baseline -0.004 -23"><span class='ocrx_word' id='word_1_104' title='bbox 228 1826 383 1914; x_wconf 74' lang='grc' dir='ltr'><strong><em>πρῶτός</em></strong></span> <span class='ocrx_word' id='word_1_105' title='bbox 407 1829 431 1892; x_wconf 82' lang='grc' dir='ltr'><strong><em>τ’</em></strong></span> <span class='ocrx_word' id='word_1_106' title='bbox 457 1824 627 1912; x_wconf 79' lang='grc' dir='ltr'><strong><em>ἀτόμους</em></strong></span> <span class='ocrx_word' id='word_1_107' title='bbox 650 1825 774 1914; x_wconf 82' lang='grc' dir='ltr'><strong><em>άργάς</em></strong></span> <span class='ocrx_word' id='word_1_108' title='bbox 797 1826 1052 1914; x_wconf 77' lang='grc' dir='ltr'><strong><em>ὑπεστήσατο·</em></strong></span> <span class='ocrx_word' id='word_1_109' title='bbox 1088 1827 1154 1892; x_wconf 79' lang='grc' dir='ltr'>καὶ</span> <span class='ocrx_word' id='word_1_110' title='bbox 1171 1811 1443 1915; x_wconf 77' lang='grc' dir='ltr'><strong><em>κεφαλαλωδιλς</em></strong></span> 
     </span>
     <span class='ocr_line' id='line_1_16' title="bbox 228 1931 991 2022; baseline 0.007 -25"><span class='ocrx_word' id='word_1_111' title='bbox 228 1935 299 2019; x_wconf 81' lang='grc' dir='ltr'>μὲν</span> <span class='ocrx_word' id='word_1_112' title='bbox 322 1936 462 1999; x_wconf 79' lang='grc' dir='ltr'><strong><em>ταῦτα·</em></strong></span> <span class='ocrx_word' id='word_1_113' title='bbox 492 1937 556 2000; x_wconf 81' lang='grc' dir='ltr'>ἐπὶ</span> <span class='ocrx_word' id='word_1_114' title='bbox 580 1940 728 2022; x_wconf 79' lang='grc' dir='ltr'><strong><em>μέρους</em></strong></span> <span class='ocrx_word' id='word_1_115' title='bbox 751 1937 779 1998; x_wconf 85' lang='grc' dir='ltr'>δ’</span> <span class='ocrx_word' id='word_1_116' title='bbox 805 1931 878 2001; x_wconf 80' lang='grc' dir='ltr'>ὧδε</span> <span class='ocrx_word' id='word_1_117' title='bbox 901 1936 991 2018; x_wconf 82' lang='grc' dir='ltr'><strong><em>ἔχει.</em></strong></span> 
     </span>
    </p>
   </div>
   <div class='ocr_carea' id='block_1_7' title="bbox 228 2072 1451 4095">
    <p class='ocr_par' dir='ltr' id='par_1_7' title="bbox 228 2072 1451 4095">
     <span class='ocr_line' id='line_1_17' title="bbox 229 2072 1443 2164; baseline -0.004 -20"><span class='ocrx_word' id='word_1_118' title='bbox 229 2079 374 2144; x_wconf 79' lang='lat' dir='ltr'>adnotat</span> <span class='ocrx_word' id='word_1_119' title='bbox 388 2079 563 2144; x_wconf 88' lang='lat' dir='ltr'>Dielesius:</span> <span class='ocrx_word' id='word_1_120' title='bbox 581 2077 788 2144; x_wconf 63' lang='lat' dir='ltr'>quentianae</span> <span class='ocrx_word' id='word_1_121' title='bbox 810 2083 887 2144; x_wconf 84' lang='lat' dir='ltr'>nota</span> <span class='ocrx_word' id='word_1_122' title='bbox 903 2078 1122 2164; x_wconf 62' lang='grc' dir='ltr'><strong><em>διομνυμένου</em></strong></span> <span class='ocrx_word' id='word_1_123' title='bbox 1142 2076 1260 2164; x_wconf 78' lang='lat' dir='ltr'>potius</span> <span class='ocrx_word' id='word_1_124' title='bbox 1273 2077 1328 2142; x_wconf 84' lang='grc' dir='ltr'><strong><em>υιλ</em></strong></span> <span class='ocrx_word' id='word_1_125' title='bbox 1350 2072 1443 2140; x_wconf 81' lang='lat' dir='ltr'>‘narr&#39;-</span> 
     </span>
     <span class='ocr_line' id='line_1_18' title="bbox 228 2183 1444 2264; baseline -0.002 -14"><span class='ocrx_word' id='word_1_126' title='bbox 228 2207 329 2250; x_wconf 81' lang='lat' dir='ltr'>arum</span> <span class='ocrx_word' id='word_1_127' title='bbox 347 2184 580 2250; x_wconf 70' lang='grc' dir='ltr'><strong><em>λιζιλοκιονππ·</em></strong></span> <span class='ocrx_word' id='word_1_128' title='bbox 603 2185 809 2250; x_wconf 72' lang='lat' dir='ltr'>coniectorem</span> <span class='ocrx_word' id='word_1_129' title='bbox 834 2185 963 2259; x_wconf 79' lang='lat' dir='ltr'>redolet,</span> <span class='ocrx_word' id='word_1_130' title='bbox 990 2185 1057 2251; x_wconf 90' lang='lat' dir='ltr'>scil.</span> <span class='ocrx_word' id='word_1_131' title='bbox 1074 2185 1277 2250; x_wconf 85' lang='lat' dir='ltr'>Favorinum.</span> <span class='ocrx_word' id='word_1_132' title='bbox 1319 2183 1444 2264; x_wconf 86' lang='lat' dir='ltr'>Saepius</span> 
     </span>
     <span class='ocr_line' id='line_1_19' title="bbox 231 2289 1445 2374; baseline -0.003 -16"><span class='ocrx_word' id='word_1_133' title='bbox 231 2292 428 2374; x_wconf 78' lang='lat' dir='ltr'>biographus</span> <span class='ocrx_word' id='word_1_134' title='bbox 452 2292 507 2357; x_wconf 92' lang='lat' dir='ltr'>illo</span> <span class='ocrx_word' id='word_1_135' title='bbox 524 2293 715 2357; x_wconf 85' lang='lat' dir='ltr'>Laertianus</span> <span class='ocrx_word' id='word_1_136' title='bbox 739 2311 815 2358; x_wconf 89' lang='lat' dir='ltr'>usus</span> <span class='ocrx_word' id='word_1_137' title='bbox 840 2298 890 2358; x_wconf 87' lang='lat' dir='ltr'>est</span> <span class='ocrx_word' id='word_1_138' title='bbox 905 2293 1155 2374; x_wconf 87' lang='lat' dir='ltr'>Theophrastsis</span> <span class='ocrx_word' id='word_1_139' title='bbox 1177 2292 1286 2372; x_wconf 88' lang='lat' dir='ltr'>libris;</span> <span class='ocrx_word' id='word_1_140' title='bbox 1310 2289 1445 2358; x_wconf 80' lang='lat' dir='ltr'>velutin</span> 
     </span>
     <span class='ocr_line' id='line_1_20' title="bbox 233 2395 1446 2481; baseline -0.002 -18"><span class='ocrx_word' id='word_1_141' title='bbox 233 2399 392 2481; x_wconf 86' lang='lat' dir='ltr'>Thrasylli</span> <span class='ocrx_word' id='word_1_142' title='bbox 427 2399 581 2466; x_wconf 90' lang='lat' dir='ltr'>librorum</span> <span class='ocrx_word' id='word_1_143' title='bbox 616 2400 890 2466; x_wconf 88' lang='lat' dir='ltr'>Democriteorum</span> <span class='ocrx_word' id='word_1_144' title='bbox 926 2400 1030 2466; x_wconf 90' lang='lat' dir='ltr'>indice</span> <span class='ocrx_word' id='word_1_145' title='bbox 1059 2400 1104 2465; x_wconf 92' lang='lat' dir='ltr'>IX</span> <span class='ocrx_word' id='word_1_146' title='bbox 1136 2401 1178 2466; x_wconf 83' lang='grc'>48</span> <span class='ocrx_word' id='word_1_147' title='bbox 1214 2401 1284 2466; x_wconf 89' lang='lat' dir='ltr'>eius</span> <span class='ocrx_word' id='word_1_148' title='bbox 1318 2395 1446 2464; x_wconf 86' lang='lat' dir='ltr'>inseruit</span> 
     </span>
     <span class='ocr_line' id='line_1_21' title="bbox 231 2499 1446 2591; baseline -0.002 -20"><span class='ocrx_word' id='word_1_149' title='bbox 231 2507 425 2572; x_wconf 86' lang='lat' dir='ltr'>mentionem</span> <span class='ocrx_word' id='word_1_150' title='bbox 457 2503 577 2589; x_wconf 76' lang='grc' dir='ltr'><strong><em>φυσικά</em></strong></span> <span class='ocrx_word' id='word_1_151' title='bbox 606 2505 642 2569; x_wconf 84' lang='grc' dir='ltr'>δὲ</span> <span class='ocrx_word' id='word_1_152' title='bbox 671 2507 763 2571; x_wconf 82' lang='grc' dir='ltr'><strong><em>τάδε·</em></strong></span> <span class='ocrx_word' id='word_1_153' title='bbox 801 2510 899 2591; x_wconf 89' lang='grc' dir='ltr'><strong><em>μέγας</em></strong></span> <span class='ocrx_word' id='word_1_154' title='bbox 927 2506 1114 2591; x_wconf 79' lang='grc' dir='ltr'><strong><em>διάκοσμος,</em></strong></span> <span class='ocrx_word' id='word_1_155' title='bbox 1148 2505 1187 2573; x_wconf 85' lang='grc' dir='ltr'>ὃν</span> <span class='ocrx_word' id='word_1_156' title='bbox 1213 2505 1244 2570; x_wconf 81' lang='grc' dir='ltr'><strong><em>ολ</em></strong></span> <span class='ocrx_word' id='word_1_157' title='bbox 1272 2509 1347 2590; x_wconf 75' lang='grc' dir='ltr'><strong><em>περὶ</em></strong></span> <span class='ocrx_word' id='word_1_158' title='bbox 1374 2499 1446 2570; x_wconf 80' lang='grc' dir='ltr'><strong><em>Θεό-</em></strong></span> 
     </span>
     <span class='ocr_line' id='line_1_22' title="bbox 234 2611 1447 2699; baseline 0 -23"><span class='ocrx_word' id='word_1_159' title='bbox 234 2631 379 2699; x_wconf 78' lang='grc' dir='ltr'><strong><em>φραστον</em></strong></span> <span class='ocrx_word' id='word_1_160' title='bbox 402 2617 592 2677; x_wconf 80' lang='grc' dir='ltr'><strong><em>Λευκίππου</em></strong></span> <span class='ocrx_word' id='word_1_161' title='bbox 615 2615 717 2695; x_wconf 74' lang='grc' dir='ltr'><strong><em>φασὶν</em></strong></span> <span class='ocrx_word' id='word_1_162' title='bbox 739 2617 840 2678; x_wconf 80' lang='grc' dir='ltr'><strong><em>εῖναι·</em></strong></span> <span class='ocrx_word' id='word_1_163' title='bbox 888 2614 1046 2696; x_wconf 88' lang='lat' dir='ltr'>Thrasylli</span> <span class='ocrx_word' id='word_1_164' title='bbox 1079 2615 1163 2680; x_wconf 91' lang='lat' dir='ltr'>enim</span> <span class='ocrx_word' id='word_1_165' title='bbox 1193 2615 1349 2680; x_wconf 85' lang='lat' dir='ltr'>memoria</span> <span class='ocrx_word' id='word_1_166' title='bbox 1369 2611 1447 2680; x_wconf 91' lang='lat' dir='ltr'>redit</span> 
     </span>
     <span class='ocr_line' id='line_1_23' title="bbox 233 2721 1447 2806; baseline -0.004 -19"><span class='ocrx_word' id='word_1_167' title='bbox 233 2722 274 2788; x_wconf 91' lang='lat' dir='ltr'>ad</span> <span class='ocrx_word' id='word_1_168' title='bbox 291 2722 426 2786; x_wconf 85' lang='lat' dir='ltr'>eundern</span> <span class='ocrx_word' id='word_1_169' title='bbox 442 2721 531 2786; x_wconf 90' lang='lat' dir='ltr'>illum</span> <span class='ocrx_word' id='word_1_170' title='bbox 547 2721 759 2803; x_wconf 82' lang='lat' dir='ltr'>biographum</span> <span class='ocrx_word' id='word_1_171' title='bbox 774 2721 827 2806; x_wconf 86' lang='lat' dir='ltr'>[oi.</span> <span class='ocrx_word' id='word_1_172' title='bbox 844 2742 875 2804; x_wconf 92' lang='lat' dir='ltr'>p.</span> <span class='ocrx_word' id='word_1_173' title='bbox 890 2721 956 2806; x_wconf 86' lang='grc'><strong>65].</strong></span> <span class='ocrx_word' id='word_1_174' title='bbox 996 2721 1137 2787; x_wconf 85' lang='lat' dir='ltr'>Transeo</span> <span class='ocrx_word' id='word_1_175' title='bbox 1153 2721 1194 2786; x_wconf 91' lang='lat' dir='ltr'>ad</span> <span class='ocrx_word' id='word_1_176' title='bbox 1209 2721 1447 2788; x_wconf 86' lang='lat' dir='ltr'>Parmenidis</span> 
     </span>
     <span class='ocr_line' id='line_1_24' title="bbox 234 2823 1447 2916; baseline -0.003 -22"><span class='ocrx_word' id='word_1_177' title='bbox 234 2829 354 2912; x_wconf 88' lang='lat' dir='ltr'>placita</span> <span class='ocrx_word' id='word_1_178' title='bbox 384 2828 486 2912; x_wconf 89' lang='lat' dir='ltr'>[Diels</span> <span class='ocrx_word' id='word_1_179' title='bbox 516 2848 546 2910; x_wconf 89' lang='lat' dir='ltr'>p.</span> <span class='ocrx_word' id='word_1_180' title='bbox 567 2829 659 2913; x_wconf 71' lang='lat' dir='ltr'>1l36]:</span> <span class='ocrx_word' id='word_1_181' title='bbox 689 2829 847 2915; x_wconf 77' lang='grc' dir='ltr'><strong><em>πρῶτος</em></strong></span> <span class='ocrx_word' id='word_1_182' title='bbox 875 2829 903 2892; x_wconf 89' lang='grc' dir='ltr'>δ’</span> <span class='ocrx_word' id='word_1_183' title='bbox 934 2823 1047 2904; x_wconf 79' lang='grc' dir='ltr'><strong><em>οὗτος</em></strong></span> <span class='ocrx_word' id='word_1_184' title='bbox 1073 2827 1143 2916; x_wconf 82' lang='grc' dir='ltr'>την</span> <span class='ocrx_word' id='word_1_185' title='bbox 1170 2829 1242 2912; x_wconf 75' lang='grc' dir='ltr'>γῆν</span> <span class='ocrx_word' id='word_1_186' title='bbox 1276 2825 1447 2914; x_wconf 79' lang='grc' dir='ltr'><strong><em>ἀπέφηνε</em></strong></span> 
     </span>
     <span class='ocr_line' id='line_1_25' title="bbox 235 2933 1448 3023; baseline -0.003 -23"><span class='ocrx_word' id='word_1_187' title='bbox 235 2935 475 3020; x_wconf 73' lang='grc' dir='ltr'><strong><em>σφαιροειδῆ</em></strong></span> <span class='ocrx_word' id='word_1_188' title='bbox 498 2933 554 2998; x_wconf 77' lang='grc' dir='ltr'>καὶ</span> <span class='ocrx_word' id='word_1_189' title='bbox 576 2933 713 3023; x_wconf 74' lang='grc' dir='ltr'><strong><em>ἐνμέσῳ</em></strong></span> <span class='ocrx_word' id='word_1_190' title='bbox 737 2941 884 3000; x_wconf 72' lang='grc' dir='ltr'><strong><em>κεῖσθαι·</em></strong></span> <span class='ocrx_word' id='word_1_191' title='bbox 908 2934 969 3000; x_wconf 90' lang='grc' dir='ltr'>δόο</span> <span class='ocrx_word' id='word_1_192' title='bbox 991 2937 1017 3002; x_wconf 84' lang='grc' dir='ltr'><strong><em>τ’</em></strong></span> <span class='ocrx_word' id='word_1_193' title='bbox 1043 2938 1127 3002; x_wconf 69' lang='grc' dir='ltr'><strong><em>εἶναι</em></strong></span> <span class='ocrx_word' id='word_1_194' title='bbox 1151 2946 1291 3018; x_wconf 71' lang='grc' dir='ltr'><strong><em>στοιχεῖα</em></strong></span> <span class='ocrx_word' id='word_1_195' title='bbox 1315 2937 1378 3020; x_wconf 79' lang='grc' dir='ltr'>πῦρ</span> <span class='ocrx_word' id='word_1_196' title='bbox 1398 2935 1448 2998; x_wconf 80' lang='grc' dir='ltr'>καὶ</span> 
     </span>
     <span class='ocr_line' id='line_1_26' title="bbox 234 3039 1446 3129; baseline -0.002 -22"><span class='ocrx_word' id='word_1_197' title='bbox 234 3048 307 3129; x_wconf 79' lang='grc' dir='ltr'><strong><em>γῆν·</em></strong></span> <span class='ocrx_word' id='word_1_198' title='bbox 337 3043 392 3105; x_wconf 79' lang='grc' dir='ltr'>καὶ</span> <span class='ocrx_word' id='word_1_199' title='bbox 422 3041 459 3106; x_wconf 86' lang='grc' dir='ltr'><strong><em>τό</em></strong></span> <span class='ocrx_word' id='word_1_200' title='bbox 488 3043 550 3126; x_wconf 83' lang='grc' dir='ltr'>μὲν</span> <span class='ocrx_word' id='word_1_201' title='bbox 572 3043 769 3128; x_wconf 73' lang='grc' dir='ltr'><strong><em>δημιουργοῦ</em></strong></span> <span class='ocrx_word' id='word_1_202' title='bbox 801 3041 890 3122; x_wconf 85' lang='grc' dir='ltr'><strong><em>τάξιν</em></strong></span> <span class='ocrx_word' id='word_1_203' title='bbox 918 3043 1002 3125; x_wconf 83' lang='grc' dir='ltr'><strong><em>ἔχειν</em></strong></span> <span class='ocrx_word' id='word_1_204' title='bbox 1029 3045 1086 3128; x_wconf 72' lang='grc' dir='ltr'><strong><em>τὴν</em></strong></span> <span class='ocrx_word' id='word_1_205' title='bbox 1113 3043 1143 3106; x_wconf 83' lang='grc' dir='ltr'>δ’</span> <span class='ocrx_word' id='word_1_206' title='bbox 1169 3040 1259 3128; x_wconf 81' lang='grc' dir='ltr'><strong><em>ὕλης·</em></strong></span> <span class='ocrx_word' id='word_1_207' title='bbox 1282 3047 1403 3123; x_wconf 64' lang='grc' dir='ltr'><strong><em>γένεσίν</em></strong></span> <span class='ocrx_word' id='word_1_208' title='bbox 1422 3039 1446 3104; x_wconf 83' lang='grc' dir='ltr'><strong><em>τ’</em></strong></span> 
     </span>
     <span class='ocr_line' id='line_1_27' title="bbox 236 3146 1449 3236; baseline -0.002 -22"><span class='ocrx_word' id='word_1_209' title='bbox 236 3147 422 3236; x_wconf 77' lang='grc' dir='ltr'><strong><em>ἀνθρώπων</em></strong></span> <span class='ocrx_word' id='word_1_210' title='bbox 445 3152 478 3226; x_wconf 76' lang='grc' dir='ltr'>ἐξ</span> <span class='ocrx_word' id='word_1_211' title='bbox 500 3146 589 3224; x_wconf 79' lang='grc' dir='ltr'><strong><em>ἰλύος</em></strong></span> <span class='ocrx_word' id='word_1_212' title='bbox 610 3151 739 3236; x_wconf 77' lang='grc' dir='ltr'><strong><em>πρῶτον</em></strong></span> <span class='ocrx_word' id='word_1_213' title='bbox 761 3155 925 3233; x_wconf 71' lang='grc' dir='ltr'><strong><em>γενέσθαι.</em></strong></span> <span class='ocrx_word' id='word_1_214' title='bbox 974 3151 1101 3218; x_wconf 85' lang='lat' dir='ltr'>Summo</span> <span class='ocrx_word' id='word_1_215' title='bbox 1126 3151 1195 3216; x_wconf 88' lang='lat' dir='ltr'>iure</span> <span class='ocrx_word' id='word_1_216' title='bbox 1222 3150 1303 3216; x_wconf 85' lang='lat' dir='ltr'>haec</span> <span class='ocrx_word' id='word_1_217' title='bbox 1331 3165 1449 3234; x_wconf 82' lang='lat' dir='ltr'>quoque</span> 
     </span>
     <span class='ocr_line' id='line_1_28' title="bbox 237 3255 1450 3340; baseline -0.003 -18"><span class='ocrx_word' id='word_1_218' title='bbox 237 3257 377 3322; x_wconf 88' lang='lat' dir='ltr'>Diolosio</span> <span class='ocrx_word' id='word_1_219' title='bbox 391 3277 429 3320; x_wconf 88' lang='lat' dir='ltr'>ex</span> <span class='ocrx_word' id='word_1_220' title='bbox 445 3257 581 3323; x_wconf 91' lang='lat' dir='ltr'>vitarum</span> <span class='ocrx_word' id='word_1_221' title='bbox 598 3257 818 3340; x_wconf 90' lang='lat' dir='ltr'>promptuario</span> <span class='ocrx_word' id='word_1_222' title='bbox 835 3259 1047 3340; x_wconf 85' lang='lat' dir='ltr'>transscripta</span> <span class='ocrx_word' id='word_1_223' title='bbox 1058 3257 1218 3324; x_wconf 83' lang='lat' dir='ltr'>videntur.</span> <span class='ocrx_word' id='word_1_224' title='bbox 1254 3255 1450 3340; x_wconf 82' lang='lat' dir='ltr'>Biograplrus</span> 
     </span>
     <span class='ocr_line' id='line_1_29' title="bbox 237 3363 1451 3449; baseline -0.003 -20"><span class='ocrx_word' id='word_1_225' title='bbox 237 3365 337 3446; x_wconf 79' lang='lat' dir='ltr'>igitur</span> <span class='ocrx_word' id='word_1_226' title='bbox 371 3363 426 3428; x_wconf 91' lang='lat' dir='ltr'>ille</span> <span class='ocrx_word' id='word_1_227' title='bbox 461 3365 605 3446; x_wconf 90' lang='lat' dir='ltr'>quisquis</span> <span class='ocrx_word' id='word_1_228' title='bbox 639 3363 699 3430; x_wconf 91' lang='lat' dir='ltr'>fnit</span> <span class='ocrx_word' id='word_1_229' title='bbox 734 3383 773 3430; x_wconf 88' lang='lat' dir='ltr'>ex</span> <span class='ocrx_word' id='word_1_230' title='bbox 803 3364 1023 3446; x_wconf 90' lang='lat' dir='ltr'>Theophrasto</span> <span class='ocrx_word' id='word_1_231' title='bbox 1058 3364 1110 3448; x_wconf 89' lang='lat' dir='ltr'>[ir.</span> <span class='ocrx_word' id='word_1_232' title='bbox 1139 3367 1177 3429; x_wconf 81' lang='lat'>17</span> <span class='ocrx_word' id='word_1_233' title='bbox 1206 3365 1311 3449; x_wconf 91' lang='lat' dir='ltr'>Diels]</span> <span class='ocrx_word' id='word_1_234' title='bbox 1346 3367 1451 3432; x_wconf 87' lang='lat' dir='ltr'>narrat</span> 
     </span>
     <span class='ocr_line' id='line_1_30' title="bbox 239 3471 1449 3555; baseline -0.002 -19"><span class='ocrx_word' id='word_1_235' title='bbox 239 3471 374 3554; x_wconf 91' lang='lat' dir='ltr'>primum</span> <span class='ocrx_word' id='word_1_236' title='bbox 398 3471 620 3536; x_wconf 82' lang='lat' dir='ltr'>Parmeniden</span> <span class='ocrx_word' id='word_1_237' title='bbox 644 3477 763 3537; x_wconf 87' lang='lat' dir='ltr'>terram</span> <span class='ocrx_word' id='word_1_238' title='bbox 787 3472 905 3538; x_wconf 85' lang='lat' dir='ltr'>dixisse</span> <span class='ocrx_word' id='word_1_239' title='bbox 929 3473 1107 3538; x_wconf 90' lang='lat' dir='ltr'>rotundam.</span> <span class='ocrx_word' id='word_1_240' title='bbox 1147 3473 1247 3555; x_wconf 80' lang='lat' dir='ltr'>Atqm</span> <span class='ocrx_word' id='word_1_241' title='bbox 1268 3491 1323 3540; x_wconf 88' lang='lat' dir='ltr'>res</span> <span class='ocrx_word' id='word_1_242' title='bbox 1345 3471 1449 3538; x_wconf 85' lang='lat' dir='ltr'>eadam</span> 
     </span>
     <span class='ocr_line' id='line_1_31' title="bbox 239 3573 1451 3666; baseline -0.004 -21"><span class='ocrx_word' id='word_1_243' title='bbox 239 3581 271 3646; x_wconf 92' lang='lat' dir='ltr'>in</span> <span class='ocrx_word' id='word_1_244' title='bbox 296 3579 498 3661; x_wconf 83' lang='lat' dir='ltr'>Pythagorae</span> <span class='ocrx_word' id='word_1_245' title='bbox 526 3579 593 3644; x_wconf 88' lang='lat' dir='ltr'>vita</span> <span class='ocrx_word' id='word_1_246' title='bbox 620 3580 666 3644; x_wconf 92' lang='lat' dir='ltr'>sic</span> <span class='ocrx_word' id='word_1_247' title='bbox 694 3580 838 3662; x_wconf 62' lang='lat' dir='ltr'>angitur</span> <span class='ocrx_word' id='word_1_248' title='bbox 865 3579 940 3646; x_wconf 88' lang='lat' dir='ltr'>VIII</span> <span class='ocrx_word' id='word_1_249' title='bbox 963 3583 1019 3646; x_wconf 84' lang='lat'>48:</span> <span class='ocrx_word' id='word_1_250' title='bbox 1048 3587 1160 3646; x_wconf 79' lang='grc' dir='ltr'><strong><em>τοῦτον</em></strong></span> <span class='ocrx_word' id='word_1_251' title='bbox 1188 3577 1206 3644; x_wconf 82' lang='grc' dir='ltr'>ὅ</span> <span class='ocrx_word' id='word_1_252' title='bbox 1234 3573 1451 3666; x_wconf 70' lang='grc' dir='ltr'><strong><em>Φαβωρῖνός</em></strong></span> 
     </span>
     <span class='ocr_line' id='line_1_32' title="bbox 241 3681 1450 3774; baseline -0.005 -22"><span class='ocrx_word' id='word_1_253' title='bbox 241 3704 362 3772; x_wconf 76' lang='grc' dir='ltr'><strong><em>φησιν</em></strong></span> <span class='ocrx_word' id='word_1_254' title='bbox 396 3684 482 3772; x_wconf 86' lang='grc' dir='ltr'><strong><em>ὅροις</em></strong></span> <span class='ocrx_word' id='word_1_255' title='bbox 513 3684 699 3771; x_wconf 67' lang='grc' dir='ltr'><strong><em>χρησασθαι</em></strong></span> <span class='ocrx_word' id='word_1_256' title='bbox 734 3686 790 3750; x_wconf 86' lang='grc' dir='ltr'>διὰ</span> <span class='ocrx_word' id='word_1_257' title='bbox 822 3687 1053 3773; x_wconf 72' lang='grc' dir='ltr'><strong><em>μαθηματικῆς</em></strong></span> <span class='ocrx_word' id='word_1_258' title='bbox 1081 3685 1170 3774; x_wconf 84' lang='grc' dir='ltr'><strong><em>ιἰλης,</em></strong></span> <span class='ocrx_word' id='word_1_259' title='bbox 1208 3685 1263 3750; x_wconf 76' lang='grc' dir='ltr'>ἐπὶ</span> <span class='ocrx_word' id='word_1_260' title='bbox 1293 3685 1392 3754; x_wconf 80' lang='grc' dir='ltr'><strong><em>πλέον</em></strong></span> <span class='ocrx_word' id='word_1_261' title='bbox 1417 3681 1450 3746; x_wconf 77' lang='grc' dir='ltr'>δὲ</span> 
     </span>
     <span class='ocr_line' id='line_1_33' title="bbox 242 3790 1451 3880; baseline -0.005 -20"><span class='ocrx_word' id='word_1_262' title='bbox 242 3791 411 3879; x_wconf 79' lang='grc' dir='ltr'><strong><em>Σωκράτην</em></strong></span> <span class='ocrx_word' id='word_1_263' title='bbox 438 3790 591 3868; x_wconf 79' lang='grc' dir='ltr'><strong><em>καὶτοὺς</em></strong></span> <span class='ocrx_word' id='word_1_264' title='bbox 617 3792 725 3880; x_wconf 76' lang='grc' dir='ltr'><strong><em>ἐκείνῳ</em></strong></span> <span class='ocrx_word' id='word_1_265' title='bbox 753 3791 1001 3880; x_wconf 84' lang='grc' dir='ltr'><strong><em>πλησιάσαντας,</em></strong></span> <span class='ocrx_word' id='word_1_266' title='bbox 1027 3791 1082 3857; x_wconf 80' lang='grc' dir='ltr'>καὶ</span> <span class='ocrx_word' id='word_1_267' title='bbox 1105 3793 1186 3878; x_wconf 84' lang='grc' dir='ltr'><strong><em>μετά</em></strong></span> <span class='ocrx_word' id='word_1_268' title='bbox 1208 3793 1297 3859; x_wconf 79' lang='grc' dir='ltr'><strong><em>ταῦτ’</em></strong></span> <span class='ocrx_word' id='word_1_269' title='bbox 1315 3790 1451 3880; x_wconf 83' lang='grc' dir='ltr'><strong><em>Ἀριστο-</em></strong></span> 
     </span>
     <span class='ocr_line' id='line_1_34' title="bbox 242 3895 1450 3988; baseline -0.002 -24"><span class='ocrx_word' id='word_1_270' title='bbox 242 3900 335 3986; x_wconf 88' lang='grc' dir='ltr'><strong><em>τέλην</em></strong></span> <span class='ocrx_word' id='word_1_271' title='bbox 358 3899 506 3976; x_wconf 80' lang='grc' dir='ltr'><strong><em>καὶτοὺς</em></strong></span> <span class='ocrx_word' id='word_1_272' title='bbox 529 3901 685 3984; x_wconf 77' lang='grc' dir='ltr'><strong><em>στωϊκοός,</em></strong></span> <span class='ocrx_word' id='word_1_273' title='bbox 709 3897 809 3964; x_wconf 84' lang='grc' dir='ltr'><strong><em>άλλά</em></strong></span> <span class='ocrx_word' id='word_1_274' title='bbox 831 3901 905 3988; x_wconf 79' lang='grc' dir='ltr'><strong><em>μην</em></strong></span> <span class='ocrx_word' id='word_1_275' title='bbox 927 3899 993 3964; x_wconf 79' lang='grc' dir='ltr'>καὶ</span> <span class='ocrx_word' id='word_1_276' title='bbox 1018 3898 1086 3965; x_wconf 87' lang='grc' dir='ltr'><strong><em>τόν</em></strong></span> <span class='ocrx_word' id='word_1_277' title='bbox 1110 3895 1286 3988; x_wconf 83' lang='grc' dir='ltr'><strong><em>οὐρανὸν</em></strong></span> <span class='ocrx_word' id='word_1_278' title='bbox 1309 3901 1450 3988; x_wconf 76' lang='grc' dir='ltr'><strong><em>πράσον</em></strong></span> 
     </span>
     <span class='ocr_line' id='line_1_35' title="bbox 244 4001 1449 4095; baseline -0.002 -23"><span class='ocrx_word' id='word_1_279' title='bbox 244 4005 439 4092; x_wconf 85' lang='grc' dir='ltr'><strong><em>ὀνομάσαι</em></strong></span> <span class='ocrx_word' id='word_1_280' title='bbox 467 4006 610 4091; x_wconf 79' lang='grc' dir='ltr'><strong><em>κόσμον</em></strong></span> <span class='ocrx_word' id='word_1_281' title='bbox 633 4009 697 4072; x_wconf 79' lang='grc' dir='ltr'>καὶ</span> <span class='ocrx_word' id='word_1_282' title='bbox 726 4007 795 4092; x_wconf 75' lang='grc' dir='ltr'><strong><em>τήν</em></strong></span> <span class='ocrx_word' id='word_1_283' title='bbox 823 4011 895 4094; x_wconf 81' lang='grc' dir='ltr'>γῆν</span> <span class='ocrx_word' id='word_1_284' title='bbox 925 4005 1189 4095; x_wconf 84' lang='grc' dir='ltr'><strong><em>στρογγύλην·</em></strong></span> <span class='ocrx_word' id='word_1_285' title='bbox 1222 4003 1273 4084; x_wconf 82' lang='grc' dir='ltr'>ολς</span> <span class='ocrx_word' id='word_1_286' title='bbox 1301 4007 1341 4071; x_wconf 78' lang='grc' dir='ltr'>δὲ</span> <span class='ocrx_word' id='word_1_287' title='bbox 1364 4001 1449 4074; x_wconf 77' lang='grc' dir='ltr'><strong><em>Θεό·</em></strong></span> 
     </span>
    </p>
   </div>
   <div class='ocr_carea' id='block_1_8' title="bbox 0 0 1537 4858">
    <p class='ocr_par' dir='ltr' id='par_1_8' title="bbox 0 0 1537 4858">
     <span class='ocr_line' id='line_1_36' title="bbox 0 0 1537 4858; baseline 0 0"><span class='ocrx_word' id='word_1_288' title='bbox 0 0 1537 4858; x_wconf 95' lang='lat' dir='ltr'> </span> 
     </span>
    </p>
   </div>
  </div>
 </body>
</html>
