3010 4866
1261 232 1282 296 9

48 405 217 488 scriptoris
246 409 358 486 spreta
386 403 499 471 Ooheti
528 407 667 488 quadam
697 405 976 470 emendatiuucula
1003 405 1084 472 haec
1114 407 1283 474 constituit

49 512 278 577 Nietzscheus:
303 511 364 576 VII
386 512 429 576 48
453 511 490 576 ἐν
510 509 571 578 οὖν
594 525 659 588 τοῖς
682 512 820 594 λογικοῖς
842 510 947 576 ταῦτά
969 535 1001 578 τε
1025 513 1072 597 [τε
1087 513 1149 579 del.
1168 514 1282 600 Cobet]

48 615 157 694 αιἰιοτς
185 619 280 684 doxa
302 619 364 696 [sic
385 617 503 699 Cobet,
534 619 640 685 dorato
664 620 770 704 codd]
794 619 1044 704 κεφαλαιωδῶς·
1069 626 1123 684 καὶ
1146 629 1202 686 ἴνα
1228 629 1284 686 καὶ

49 724 131 791 κατὰ
157 731 255 812 μέρος
270 729 412 811 εἴποιμεν
435 726 596 811 [εἴποιμεν
619 728 725 812 codd]
749 724 913 810 reiraida,
937 724 1019 813 ἅπερ
1042 723 1150 794 αὐτῶν
1165 726 1284 816 cleope

47 837 264 919 εἰσαγωγικὴν
286 839 381 900 τείνει
404 837 529 919 τέχνην,
560 841 616 898 καὶ
644 830 727 900 αὐτοὶ
758 833 812 898 ἐπὶ
835 835 948 913 λέξεως
972 839 1083 920 τίθησι
1107 837 1243 920 Διοκλῆς
1265 834 1284 902 ὁ

49 939 186 1026 Μάγνης
205 941 242 1006 ἐν
265 941 302 1030 τῇ
325 941 479 1030 ἐπιδρομῇ
501 943 566 1006 τῶν
590 941 784 1027 φιλοσόφων
807 941 910 1019 λέγων
932 939 1043 1018 οὕτως·
1068 942 1194 1028 ἀρέσκοι
1216 954 1285 1020 τοῖς

50 1059 198 1123 monete
221 1047 286 1114 act.
328 1049 410 1127 Quid
426 1051 572 1132 apertius
588 1085 628 1098 —
647 1051 695 1116 ait
710 1048 920 1116 Nietzscheus
938 1085 976 1096 -
996 1067 1091 1132 quam
1108 1050 1283 1132 Laertium,

49 1158 76 1222 si
101 1155 209 1222 Diocli
232 1155 287 1218 eol
309 1155 388 1221 τάδε
410 1177 445 1222 se
469 1157 586 1223 dehere
610 1156 796 1239 profitetur,
821 1157 885 1221 iam
909 1155 974 1222 alia
997 1176 1035 1220 ex
1059 1158 1171 1222 eodem
1195 1157 1284 1224 fonte

50 1271 149 1329 antea
172 1263 343 1328 hausisse?
388 1265 439 1330 Ita
464 1266 548 1330 enim
573 1283 644 1330 esse
669 1263 959 1346 interpretandum:
991 1265 1037 1328 Ut
1055 1263 1155 1330 etaiam
1173 1264 1284 1350 portr'·

50 1369 186 1436 colaria
204 1370 405 1452 reseramus,
423 1369 558 1436 Diocles
572 1373 718 1455 Magnes
734 1370 771 1436 in
782 1370 1057 1457 philosophorum
1068 1371 1285 1457 percursione

50 1476 151 1542 errem
182 1478 271 1549 haec,
301 1499 386 1562 quoe
412 1479 460 1542 ed
483 1483 589 1542 ortem
615 1478 671 1561 [=
693 1477 937 1563 compendium]
966 1479 1150 1562 quadrant,
1183 1501 1285 1565 eoque

52 1584 128 1650 ιἸεινι
156 1585 205 1648 ad
231 1585 366 1648 verbum
395 1583 451 1649 his
478 1583 584 1650 oerbr's
612 1607 695 1650 usus
717 1584 824 1671 ponet.
872 1586 961 1663 Quae
989 1585 1088 1666 igitur
1116 1587 1282 1668 speciatim

52 1693 91 1756 de
127 1693 234 1774 logica
264 1692 444 1758 Stoicorum
479 1691 681 1772 adseruntur,
718 1693 757 1757 de
787 1693 898 1758 Diocle
932 1693 972 1757 ad
1007 1693 1139 1757 verbum
1175 1699 1284 1760 censet

53 1801 255 1881 deprompta.
308 1799 421 1864 Eidem
459 1799 524 1864 alia
558 1799 621 1864 iam
657 1805 753 1864 autea
785 1819 820 1864 se
853 1799 1002 1865 debuisse
1036 1799 1141 1881 ipsum
1176 1801 1283 1866 dicere

54 1907 235 1974 Laenium:
277 1906 354 1988 quid
392 1905 600 1970 verisimilius
639 1925 734 1987 quam
774 1926 812 1971 ea
847 1925 929 1988 quae
964 1907 1144 1972 Stoicorum
1179 1907 1285 1990 logica

54 2012 136 2078 eard
171 2017 269 2098 μέρος
304 2013 512 2092 antecedunt,
549 2013 568 2078 i.
595 2033 621 2078 e.
654 2013 760 2095 logica
793 2013 1024 2098 κεφαλαιωδῶς
1059 2019 1098 2080 et
1132 2015 1284 2080 stoicae

55 2120 340 2202 philosophiae
363 2121 627 2202 partitiones?
650 2121 750 2202 quue
775 2139 812 2185 eo
836 2121 944 2186 voluit.
961 2121 1172 2203 comprobari,
1197 2122 1282 2204 quod

56 2227 157 2294 eidem
182 2233 332 2294 auctores
356 2228 389 2292 iu
412 2227 524 2308 logicis
548 2227 741 2308 specialibus
770 2233 1008 2310 comparerent,
1037 2247 1117 2310 quos
1146 2230 1284 2311 scriptor

56 2337 267 2418 partitionum
294 2335 506 2414 nominasset,
537 2333 733 2416 Chrysippus
757 2335 974 2400 Archedemus
997 2336 1159 2418 Diogenes
1183 2337 1285 2420 Baby-

56 2444 160 2508 lonius
184 2442 292 2508 Grinis
316 2441 531 2524 Apollodorus
557 2442 747 2508 Posidonius
776 2443 908 2524 eiusque
938 2443 1086 2525 discipuli
1115 2446 1286 2527 Antipater

56 2549 199 2616 Boethus
227 2549 385 2614 Phanias:
414 2549 501 2614 ultra
528 2549 693 2614 Posidonii
721 2549 896 2632 discipulos
925 2551 955 2614 in
988 2555 1105 2616 neutra
1128 2571 1286 2618 commen-

56 2657 180 2722 tatione
203 2656 399 2738 proceditur.
448 2657 539 2721 Adde
562 2657 648 2738 quod
672 2657 705 2720 in
732 2657 936 2722 nonnullis
965 2656 1078 2738 figuris
1107 2659 1286 2724 dialecticis

57 2766 162 2846 ipsum
178 2763 301 2829 Dioclis
317 2781 432 2829 uomen
449 2769 639 2845 usurpatum
655 2769 714 2842 ast,
740 2765 828 2830 velut
840 2765 869 2846 ξ
887 2765 927 2828 75
953 2763 987 2852 ζῇ
1006 2765 1152 2848 Διοκλῆς.
1193 2766 1286 2832 Unde

57 2871 222 2937 Lacr-tium
245 2871 326 2936 talia
349 2871 494 2952 potrdsse
518 2871 686 2936 desumere
710 2872 773 2936 nisi
802 2871 841 2936 de
870 2873 941 2953 ipso
965 2871 1097 2938 Diocle?
1145 2871 1286 2955 Cumque

56 2981 124 3044 veri
155 2980 199 3044 sit
227 2979 383 3044 dissimile
406 2979 551 3044 Dioclem
580 2979 838 3060 praetermisisse
868 2979 1047 3044 Stoicorum
1075 2980 1114 3046 de
1143 2980 1286 3046 moribus

59 3087 161 3168 deque
184 3092 302 3152 natura
324 3087 472 3166 decreta,
502 3105 584 3168 quae
616 3087 788 3168 diligenter
816 3091 996 3167 pertractat
1018 3085 1177 3165 Laertius,
1202 3089 1285 3152 unde

60 3193 137 3258 haec
153 3213 225 3258 esse
242 3199 372 3276 sumpta
388 3194 449 3259 nisi
466 3194 506 3258 de
521 3194 592 3275 ipso
608 3193 745 3258 Diocle?
779 3191 874 3278 Quid
886 3191 1004 3256 enim?
1034 3194 1092 3256 Αο
1109 3192 1284 3258 Loertr'am

60 3302 197 3366 eundem
209 3303 344 3386 sonem
368 3323 463 3386 quem
488 3301 581 3364 modo
596 3301 801 3364 exhauserat
812 3299 886 3364 sr'rre
903 3299 973 3364 ullo
987 3321 1089 3364 causo
1104 3299 1287 3364 deserorsse

59 3414 213 3490 patremus
222 3413 239 3471 ‚2
278 3409 410 3472 Porum
426 3429 506 3472 soree
521 3413 568 3472 est
581 3405 774 3478 verr'sr'rret'le,
793 3405 969 3470 laertium
985 3412 1105 3470 celeres
1118 3405 1288 3472 doclrireoe

62 3513 177 3578 stozcoe
196 3521 311 3600 portes
338 3515 377 3578 ab
403 3513 472 3578 alto
501 3513 661 3600 scriptore
688 3511 932 3598 deprompsisse,
969 3514 1009 3576 ob
1041 3511 1110 3576 alre
1140 3512 1283 3587 tertr'om,

63 3641 134 3683 cum
158 3620 272 3686 liceret
291 3643 367 3686 eum
390 3621 455 3706 qui
473 3623 561 3686 duos
584 3621 662 3686 illos
679 3619 837 3707 praebuit
860 3619 897 3684 r're
920 3619 1017 3684 tertre
1041 3642 1168 3706 quoque
1182 3620 1285 3706 sequi.

64 3726 217 3813 Demque
232 3726 325 3792 illud
337 3751 401 3813 quo
408 3734 504 3814 porto
518 3726 718 3812 expleretur,
735 3728 825 3812 qaod
839 3725 998 3793 Laerte'res
1014 3749 1054 3790 ne
1071 3749 1138 3792 uno
1153 3727 1286 3813 quedem

64 3831 127 3896 loco
141 3831 226 3896 altos
236 3839 370 3918 praeter
385 3831 660 3918 Dioclemforetes
676 3832 847 3898 r'ndr'covr't.
879 3834 957 3900 Iuda
974 3834 1165 3901 Nietzscheo
1182 3836 1286 3902 iudice

65 3941 268 4022 consequitur
301 3945 403 4006 totam
439 3942 479 4008 de
508 3942 687 4008 Stoicorum
722 3942 882 4024 dogmatis
917 3944 1218 4010 commentationem
1246 3945 1287 4012 de

62 4045 174 4112 diocle
195 4046 334 4114 duxisse.
381 4048 425 4114 Et
452 4050 601 4133 quoniam
630 4051 663 4116 iu
692 4050 831 4132 capitum
860 4051 1104 4116 Laertianorum
1135 4051 1238 4117 indice
1268 4071 1287 4116 a

66 4153 132 4219 Val.
150 4155 255 4220 Rosea
273 4153 324 4240 [cl.
342 4155 450 4226 Herm.
468 4157 484 4222 I
504 4178 534 4241 p.
553 4159 618 4224 370
635 4157 719 4243 sqq]
743 4157 946 4240 promulgato
963 4158 1133 4239 Aristonis,
1157 4159 1285 4249 Herilli,
