3010 4866
1248 214 1293 278 45

74 391 211 474 excerpti
240 389 336 456 sunt’.
381 391 466 456 Hinc
492 389 607 456 breues
634 388 707 455 illas
735 389 775 454 de
805 389 902 456 rebus
929 389 1131 473 testibusque
1165 390 1294 456 notulas

74 497 206 580 arripnit
246 495 405 563 Laertius,
467 495 535 564 Nec
581 496 698 564 desunt
743 513 897 580 expressa
941 497 1091 580 vestigia
1140 497 1295 564 nonnula

71 603 246 686 proferam:

112 711 189 778 um
220 714 257 794 4,
293 713 335 778 82
374 710 563 796 [Archytae]
598 709 724 794 πρῶτος
755 705 853 787 αὐτός
883 705 973 786 οὗτος
1005 710 1069 796 [de'
1092 731 1156 795 quo
1187 713 1295 796 agitur

70 815 307 904 philosophus}
329 815 475 903 δοότερος
492 817 714 904 Μυτιληναῖος
735 817 885 903 μουσικός
984 818 1058 906 περὶ
1079 819 1115 884 δι
1137 819 1196 886 τοῦ
1217 842 1294 904 μον-

71 923 156 990 οικαῦ
179 929 312 1012 φέρεται
339 931 394 990 καί
416 921 502 1004 τόδε,
532 924 574 1000 ὥς
601 921 838 1009 ὀνειδιζόμενος
862 923 918 988 snt
945 923 988 1010 μη
1011 927 1056 1012 τῷ
1078 923 1295 1005 ἐξακούεσθαι

70 1033 167 1095 sinos·
191 1033 228 1096 τό
251 1029 314 1120 γόρ
338 1033 481 1118 ὄργανον
503 1029 584 1118 ὑπὲρ
612 1031 690 1116 ἐμοῦ
718 1029 989 1116 διαγωνιζόμενον
1017 1031 1117 1099 caua
1174 1033 1294 1113 Quodsi

70 1137 154 1204 dicta
176 1139 290 1210 musici
311 1143 424 1205 auctor
446 1144 640 1222 exposuerat
661 1139 864 1220 Laertianus,
884 1139 960 1221 quin
983 1157 1037 1204 res
1059 1157 1187 1224 quoque
1209 1141 1294 1207 idem

69 1245 250 1311 namaverit
271 1245 324 1310 vir
351 1245 539 1312 dubitabile.
589 1246 628 1311 In
650 1245 783 1311 Eudoxo
812 1245 935 1312 medico
960 1245 1072 1312 Cnidio
1100 1265 1153 1313 res
1182 1248 1295 1314 eadem

69 1351 143 1416 VIII
166 1353 211 1417 90
233 1349 286 1436 [ci.
310 1371 341 1434 p.
360 1351 426 1437 43].
472 1349 518 1420 (ii,
534 1351 581 1418 IX
605 1353 647 1418 56
669 1355 786 1431 Γέγονε
808 1353 845 1418 δὲ
866 1360 921 1418 καὶ
943 1353 1041 1430 ἄλλος
1063 1357 1294 1443 Πρωταγόρας,

69 1459 112 1532 είς
133 1454 175 1524 όν
195 1463 250 1522 καί
264 1454 436 1546 Εὐφορίων
451 1456 633 1546 ἐπικήδειον
648 1458 802 1546 ἔγραψεν.
843 1459 877 1526 Si
893 1462 1126 1544 epigrammata
1141 1464 1295 1530 extabant

70 1565 166 1631 etiam
180 1566 321 1632 vitarum
336 1565 526 1649 corpuscula
540 1567 742 1634 inventorum
757 1566 974 1650 librorumque
991 1574 1024 1634 et
1045 1587 1294 1654 quoruncunque

70 1691 148 1754 opus
176 1679 251 1739 erat
278 1673 441 1740 mentione
469 1675 628 1740 instructa
649 1673 738 1740 uelut
760 1673 792 1740 Il
817 1675 858 1738 58
882 1679 1032 1761 τέταρτος
1055 1675 1166 1761 [Bion]
1189 1684 1294 1764 Δημο-

69 1783 200 1862 κρίτειος
232 1779 288 1844 καί
312 1781 542 1866 μαθηματικός
563 1777 750 1868 Ἀβδηρίτης
765 1776 896 1846 Ἀτθίδι
922 1779 1089 1868 γεγραφὼς
1117 1790 1173 1848 καί
1190 1783 1294 1849 Ἰάδι·

70 1879 157 1961 οὗτος
178 1885 302 1973 πρῶτος
323 1891 414 1954 εἶπεν
435 1891 520 1954 sisai
541 1910 632 1964 τινας
653 1885 797 1972 οἰκήσεις,
821 1883 909 1954 ἔνθα
928 1892 1104 1968 γίγνεσθαι
1125 1893 1161 1968 ἐξ
1182 1897 1295 1977 μηνοῖν

70 1989 124 2075 τὴν
146 1991 248 2060 νύκτα
270 2000 326 2060 καί
349 1999 385 2074 t}
402 1997 462 2082 την
483 1991 615 2083 ἡμέραν.
654 1997 719 2062 Res
741 1995 851 2078 tetigit
872 1995 1030 2061 Demetrii
1054 1996 1176 2078 Scepsii
1198 1997 1227 2063 V
1250 1999 1294 2064 84

71 2095 240 2177 ἑνδέκατος
262 2103 406 2190 Σκήψιος
426 2101 580 2178 πλούσιος
609 2107 664 2166 καὶ
691 2097 816 2186 εὐγενὴς
843 2101 1021 2188 ἄνθρωπος
1043 2103 1099 2166 καί
1121 2099 1294 2189 φιλόλογος

71 2205 187 2294 ἄκρως·
217 2202 313 2284 οὗτος
340 2209 395 2273 καί
424 2208 647 2297 Μητρόδωρον
680 2213 871 2295 προεβίβασε
897 2209 957 2276 τόν
984 2209 1128 2296 πολίτην.
1181 2209 1293 2294 Neque

71 2329 194 2382 amores
217 2315 386 2383 Aeschinis
413 2317 545 2384 reticuit
572 2315 780 2399 Neapolitani
802 2315 834 2382 11
858 2317 900 2380 64
928 2317 1017 2391 ἕκτος
1039 2365 1068 2384 ..
1095 2316 1293 2383 Μελανθίου

69 2419 216 2508 μαθητὴς
243 2428 299 2487 καὶ
324 2421 463 2489 παιδικά
495 2441 555 2490 nee
587 2441 724 2506 poenam
755 2421 926 2505 chrysippi
960 2423 1075 2488 medici
1104 2421 1179 2508 [VII
1204 2425 1291 2510 186]

69 2527 224 2595 Demetrii
236 2529 357 2596 lxionIs
373 2549 548 2614 cognomen
565 2549 604 2598 ex
618 2531 737 2598 iniuria
752 2529 890 2614 quadam
906 2530 940 2594 in
954 2529 1108 2596 lunonem
1124 2533 1294 2598 commissa

70 2635 241 2717 explicavit
270 2637 443 2720 attulitque
472 2643 506 2704 et
527 2642 773 2721 praeceptorum
795 2637 924 2702 nomina
948 2635 990 2720 [V
1014 2637 1066 2702 61.
1092 2637 1148 2722 84]
1173 2643 1206 2704 et
1229 2639 1294 2708 dis·

69 2741 245 2823 oipnlornm
280 2741 355 2829 [VII
377 2744 434 2829 35]
469 2749 503 2810 et
536 2749 706 2826 parentum
741 2743 865 2828 [1126]
897 2747 931 2808 et
963 2741 1099 2810 fratrum
1134 2744 1180 2829 [u
1204 2745 1291 2831 103]

69 2847 240 2916 Poetarum
274 2851 426 2918 melodas
465 2857 615 2918 accurate
652 2851 742 2918 novit
780 2870 819 2916 ex
855 2849 1069 2932 locupletibus
1108 2853 1293 2919 auctoribus

68 2953 157 3038 [VIII
180 2956 237 3041 90]
273 2961 307 3022 et
338 2955 497 3024 artilicum
530 2975 721 3041 progressus
756 2955 801 3042 [11
827 2959 889 3024 103
917 2957 995 3024 VIII
1018 2960 1061 3023 46
1096 2957 1158 3044 sq]
1211 2961 1294 3040 Quid

68 3061 182 3143 plura?
227 3063 342 3130 Nonne
368 3083 577 3148 quaeeunque
605 3083 676 3130 cum
703 3065 771 3131 uita
798 3065 959 3147 rebusque
983 3065 1084 3146 gestis
1107 3069 1141 3131 et
1163 3067 1293 3150 scriptis

69 3166 240 3236 cohaerent
262 3177 457 3253 exposuerat
479 3171 619 3237 Indicum
643 3176 754 3238 auctor
777 3173 990 3238 LaertIanus?
1022 3218 1029 3230 .

156 3295 181 3342 c.
208 3277 322 3357 ‘Quam
344 3277 469 3360 largam
491 3279 798 3346 testimoniorum
821 3279 946 3362 copiam
970 3279 1156 3360 adsciverit,
1183 3297 1224 3344 ex
1246 3279 1294 3345 di-

69 3377 209 3450 lacerata
225 3383 445 3468 catalogorum
460 3386 615 3452 memoria
636 3384 713 3452 licet
737 3386 902 3455 conicere’.
941 3387 978 3452 In
1002 3387 1117 3470 quibus
1138 3385 1292 3454 citantur:

156 3491 372 3575 Apollodorus
394 3492 429 3558 in
453 3491 611 3559 chronicis
891 3493 937 3559 VI
962 3495 1034 3559 101.
1058 3493 1135 3559 VIII
1158 3496 1210 3558 90.

156 3600 338 3682 Antigonus
900 3599 933 3665 II
980 3600 1031 3664 15.
1087 3599 1133 3664 1x
1158 3602 1210 3666 59.

156 3707 350 3773 Aristoteles
901 3705 1032 3771 11104.
1105 3705 1210 3772 Vbl.

156 3813 367 3878 Aristoxenus
384 3811 487 3900 [ἐντῷ
502 3811 675 3888 Πλάτωνος
689 3815 750 3900 βίῳ
766 3812 794 3878 V
811 3811 867 3898 35]
887 3811 933 3878 IV
981 3812 1031 3878 15.
1105 3811 1211 3878 V35.

158 3917 373 3984 Callimachus
396 3919 498 4001 epigr.
889 3919 935 3984 IX
984 3921 1035 3984 17.

157 4025 255 4092 Duris
918 4025 935 4090 Ι
981 4025 1034 4090 38.

157 4131 376 4198 Erasistratus
874 4130 937 4196 VII
961 4131 1033 4195 186.
