3016 4858
1227 223 1288 283 llt

68 391 243 456 nominibus
279 391 436 456 similibus
475 392 538 455 iam
579 392 758 474 antiquitus
796 410 867 458 esse
906 393 1168 478 vacillatum¹³⁰):
1209 397 1290 461 talia

68 499 163 578 igitm
191 503 382 582 argumente
412 501 445 563 in
474 504 622 564 neutram
651 505 776 582 partem
804 499 881 565 licet
904 499 1130 586 adbibere¹'¹).
1177 502 1290 586 Neque

68 625 146 687 opus
173 612 223 671 est
250 605 331 686 illis,
363 607 391 671 si
420 606 549 688 quidem
578 611 728 688 prostant
756 608 821 672 alia
850 612 883 672 et
912 608 1061 689 graviora
1089 609 1176 674 velut
1200 609 1286 676 Suid.

68 731 90 775 S.
108 733 136 779 v.
153 710 376 796 Θεόφραστος·
402 710 557 777 Μελάντα
580 719 729 796 κναφέως
752 711 788 778 οἳ
811 707 852 778 δὲ
868 718 1040 788 Λέοντος
1064 709 1287 802 ἀπ”Ερεσυοῦ.

67 837 91 882 a.
116 838 143 882 v.
160 814 377 904 Ἐπιμενίδης·
422 820 568 883 Φαίστου
603 816 623 904 ἢ
653 818 820 884 Δοσιᾰδου
851 819 1101 906 ἢἎγιασάρχου
1132 820 1201 896 vide
1223 827 1288 888 real

67 923 207 1010 μητρὸς
232 925 430 998 Βλάσιας.
456 943 480 990 s.
506 944 534 990 v.
554 925 685 988 Θεανώ·
710 925 887 1012 θυγάτηρ
909 929 981 1012 μὲν
1006 926 1286 1006 Πυθώνακτος.

153 1030 231 1097 llum
266 1050 348 1114 quae
382 1031 552 1096 latioribus
587 1033 673 1114 typis
707 1033 817 1100 notavi
851 1033 958 1099 desint
992 1035 1078 1117 apud
1112 1037 1286 1118 Laertium,

68 1137 191 1203 aliunde
219 1144 311 1220 patet
341 1139 488 1205 hausisse
517 1139 719 1222 Hesychium.
774 1140 858 1218 Quid
886 1146 998 1207 contra
1026 1143 1198 1216 Flachins?
1242 1143 1289 1209 Ut

66 1245 149 1310 locos
172 1244 325 1326 auferret,
350 1251 384 1310 et
408 1247 623 1329 conjecturam
647 1247 806 1312 commisit
833 1246 903 1312 rod
927 1251 1070 1319 Λέοντος
1092 1269 1152 1331 pro
1180 1249 1218 1315 ot
1241 1247 1288 1314 dt

68 1357 108 1416 A.
132 1358 164 1417 et
187 1354 420 1435 opinationem:
457 1353 556 1419 tuisse
580 1354 730 1420 videlicet
745 1353 909 1418 Laertium
932 1353 1120 1436 pleniorem.
1160 1357 1224 1422 Sed
1246 1375 1287 1421 ne

67 1457 211 1525 Flacbius
235 1461 363 1543 quidem
388 1461 494 1526 omnia
517 1479 600 1542 quae
623 1461 801 1544 Hesychius
825 1466 955 1542 praeter
979 1461 1152 1528 Laertiana
1175 1469 1288 1530 uostra

68 1564 161 1632 habet
183 1568 224 1632 ad
246 1567 424 1650 pleniorem
448 1567 548 1633 refert
571 1568 750 1648 Laertium,
776 1568 832 1633 sed
856 1568 1007 1650 opinatur
1029 1569 1224 1652 Hesychium
1248 1589 1286 1635 ex

68 1673 165 1740 altero
188 1677 386 1758 prompsisse
410 1675 602 1758 biographo,
628 1675 713 1758 quod
736 1693 795 1739 nec
817 1674 948 1757 probari
972 1681 1081 1757 potest
1105 1681 1137 1741 et
1161 1677 1286 1742 conclu·

69 1779 199 1847 dendum
239 1788 325 1848 esset
363 1783 460 1848 istum
499 1781 643 1864 quisquis
681 1780 742 1846 fuit
781 1781 977 1846 simillimum
1010 1780 1152 1848 futurum
1187 1781 1285 1849 fuisse

69 1885 238 1971 biographo
263 1889 437 1955 Laertiano
462 1907 498 1954 ac
522 1907 623 1970 paene
648 1889 828 1970 gemellum.

151 1997 180 2060 3.
204 1996 386 2077 Immerito,
416 1996 501 2078 quod
525 1995 679 2061 articulos
702 1996 857 2078 quosdam
882 1995 1090 2062 Nietzsebeus
1115 1997 1288 2080 adscripsit

72 2099 222 2184 llesychio
240 2107 274 2168 et
289 2121 352 2168 non
369 2101 510 2183 Laertio,
527 2122 559 2185 p.
578 2103 619 2166 52
636 2103 832 2184 vituperavit
847 2101 1005 2169 Flachius
1042 2103 1140 2168 Velut
1155 2103 1286 2170 Suidam

70 2225 91 2270 s.
106 2229 133 2274 v.
150 2209 276 2297 Κράτης
292 2217 326 2276 et
349 2229 374 2275 s.
388 2230 416 2275 v.
433 2207 638 2295 Πυθαγόρας
654 2229 756 2292 paene
773 2211 903 2276 omnia
918 2229 958 2275 ex
975 2211 1104 2278 Laertio
1121 2213 1285 2280 derivasse

69 2313 147 2380 illius
177 2324 228 2383 est
256 2317 373 2400 opinio.
421 2316 458 2381 Id
487 2317 514 2381 si
543 2315 642 2381 semel
673 2315 792 2382 iactum
822 2323 872 2382 est
900 2337 964 2400 qua
993 2318 1127 2384 audacia
1156 2321 1285 2402 saepius

69 2423 203 2498 potuisse
226 2423 298 2488 fieri
323 2423 536 2505 negabimus?
582 2423 757 2514 Audiamus
773 2423 952 2489 Flaebium:
984 2425 1137 2491 ‘Eudoeia
1159 2427 1284 2498 inVio·

69 2523 142 2593 lario
165 2548 189 2594 s.
215 2549 244 2594 v.
269 2535 441 2612 postquam
465 2529 595 2611 scripsit
613 2529 736 2616 Κράτης
753 2526 921 2594 Ἀσκῶνδα
937 2533 1080 2616 Θηβαΐας
1104 2529 1284 2618 φιλόσοφος

69 2631 182 2708 savarde
217 2636 368 2721 μαθητὴς
400 2639 573 2718 Διογένους
606 2635 661 2698 καὶ
699 2637 869 2721 Βρύσωνος
903 2637 962 2702 τοῦ
982 2634 1120 2719 Ἀχαιοῦ
1153 2639 1283 2706 deserto

69 2737 210 2822 Hesychii
245 2742 348 2807 lexico
385 2761 423 2806 ex
458 2741 588 2807 scholiis
623 2743 656 2808 iu
692 2743 883 2825 Gregorium
918 2743 995 2808 Nan.
1033 2743 1191 2826 [Nonul
1225 2746 1282 2831 28]

69 2843 260 2916 historiolam
295 2849 455 2932 quandam
479 2849 595 2914 adsuit.
643 2849 686 2914 Et
708 2850 824 2916 mirum
847 2855 911 2932 est,
935 2850 1142 2934 quodetiam
1167 2852 1282 2919 Suidas

69 2950 134 3019 inde
151 2956 192 3020 ab
206 2953 344 3037 Ἀχαιοῦ
368 2955 482 3039 [usque
506 2975 543 3021 eo
575 2957 659 3022 enim
687 2957 816 3038 egregie
841 2976 912 3022 enm
934 2955 1078 3023 Eudocia
1107 2959 1281 3043 consentit]

69 3056 103 3121 ab
124 3061 283 3145 Hesychia
310 3063 429 3128 transit
459 3063 500 3128 ad
523 3063 688 3129 Laertium
712 3064 756 3128 Vl
780 3065 836 3144 87,
868 3068 905 3128 ut
933 3063 1067 3128 eandem
1094 3083 1189 3147 quam
1218 3065 1281 3130 Eu-

70 3162 150 3232 docia
179 3187 218 3234 ex
247 3168 377 3235 scholiis
406 3171 438 3234 in
463 3169 654 3252 Gregorium
678 3188 697 3233 a
720 3169 850 3235 Laertio
878 3169 1037 3234 adsciscat
1067 3169 1277 3236 historiolam.

70 3266 215 3340 Secuntur
238 3275 303 3340 alia
320 3281 470 3358 excerpta
486 3275 614 3341 aliunde
632 3275 843 3358 adglutinata,
869 3277 965 3359 idque
980 3275 1111 3342 Flachio
1128 3278 1280 3360 adparuit

70 3392 102 3440 ex
127 3383 347 3460 pronominum
376 3379 412 3456 ὅς
442 3388 476 3448 et
504 3377 594 3456 οὗτος
622 3401 691 3448 usu.
743 3383 810 3448 Iam
838 3401 914 3448 vero
943 3383 970 3448 si
1006 3385 1181 3450 communis
1215 3385 1280 3450 ista

70 3487 298 3552 cenatiuncula
341 3488 427 3569 apud
464 3488 659 3571 Hesychium
705 3490 881 3570 extitisset,
933 3507 989 3554 cur
1034 3489 1075 3556 ab
1117 3491 1277 3574 Hesychia

130 3695 178 3767 ¹²⁰)
194 3697 286 3752 Unum
313 3713 402 3766 nuper
428 3698 564 3768 protraxit
591 3699 769 3770 Kieblingius
799 3699 937 3770 [analecta
959 3697 1114 3754 Catulliana
1138 3700 1276 3770 Gryphiae

73 3778 128 3836 1877
145 3801 170 3854 p.
189 3789 205 3840 'i
223 3786 262 3856 m]
288 3801 322 3840 ex
340 3785 494 3856 Porphyrio
519 3789 590 3860 [arpi
615 3789 668 3843 τῶν
690 3793 945 3861 παραλελειμμένων
967 3789 1001 3860 τῷ
1022 3789 1111 3859 ποιητῇ
1128 3787 1274 3862 ὀνομάτων.

72 3863 104 3920 es·
123 3873 282 3929 Euanthius
306 3873 340 3928 ad
364 3873 387 3928 B
410 3877 460 3930 701
486 3893 511 3945 p.
535 3879 587 3932 325
607 3878 670 3947 flq.].
706 3877 797 3933 Laert.
822 3877 861 3932 IV
885 3879 919 3933 28
941 3875 1109 3947 Ἀρκεσίλαος
1132 3878 1237 3934 Σεύθου
1261 3877 1275 3946 ἢ

71 3960 201 4030 Σκύθου,
225 3961 474 4035 damnationeque
492 3969 542 4018 art.
562 3965 672 4019 Σκύθου
690 3963 791 4020 iniuria
813 3965 975 4035 expunxisse
995 3963 1127 4020 Gabatum
1147 3969 1273 4025 ostendit.

129 4049 178 4120 ¹²¹)
195 4051 236 4106 De
249 4051 394 4121 Agathone
406 4052 570 4110 Xenocratis
587 4059 667 4125 patre
680 4070 725 4111 res
739 4055 801 4126 alia,
820 4055 885 4125 quia
898 4053 1025 4128 Ἀγάθων
1042 4053 1274 4124 hypocoristicum

71 4137 104 4188 tsi
118 4137 215 4196 formae
230 4139 403 4213 Ἆγαθιὲνωρ.
