3010 4866
1280 217 1321 280 23

93 403 243 476 parente,
274 395 314 458 de
342 393 540 459 Antisthenis
569 394 720 472 decretis,
751 393 790 456 de
814 393 1044 474 Epicureorum
1074 395 1140 457 rita
1165 395 1323 476 victuque.

95 502 233 586 Largam
262 503 377 583 dapem
407 501 595 583 adposuisse
624 500 750 564 ridetur
780 499 819 563 de
849 519 1039 582 unoquoque
1066 501 1258 583 philosopho
1283 539 1325 548 —-

94 611 278 692 praecipue,
302 614 340 674 ut
362 627 421 690 par
446 613 525 688 erat,
550 609 589 672 de
614 605 739 689 Cynicis
764 611 797 670 et
812 606 980 688 Epicureis
997 645 1037 654 —
1056 627 1112 673 seu
1128 626 1181 673 res
1197 613 1325 690 spectas

94 723 206 798 gestas
217 735 275 782 seu
287 716 416 798 placita.
442 715 602 780 Nonnulla
617 715 670 778 bic
682 713 749 778 illic
761 715 854 778 rnodo
871 719 983 796 aperte
999 716 1094 780 modo
1107 733 1164 797 per
1180 713 1325 780 fraudem

95 823 245 888 Laertius
259 823 405 904 arripuit.
432 823 629 904 Quamquam
641 821 742 904 siquis
754 820 814 886 hoc
831 821 910 886 illud
922 823 1043 888 Dioclis
1059 823 1276 888 testimonium
1287 843 1325 888 ex

94 929 205 1011 aliquo
218 929 354 994 vitarum
367 931 539 994 summario
557 929 735 994 derivatum
752 928 948 994 existimabit
963 947 1026 994 non
1043 929 1217 1010 intercedo,
1236 930 1325 994 durn-

93 1035 190 1100 modo
208 1053 269 1099 nec
285 1035 498 1100 demonstrari
514 1037 610 1101 istam
623 1035 805 1117 opinionem
817 1055 913 1118 posse
928 1056 986 1102 nec
1003 1035 1107 1102 refelli
1124 1035 1324 1105 confiteatur.
1424 1026 1426 1030 ’

187 1141 256 1206 Iam
274 1141 423 1208 subsisto.
465 1143 593 1208 Etenim
609 1161 705 1224 quarn
721 1143 805 1207 viam
829 1142 933 1207 adbuc
957 1161 1066 1208 sumus
1089 1145 1261 1226 persecuti,
1286 1163 1325 1210 ea

92 1269 210 1314 uereor
233 1267 275 1313 ne
298 1251 435 1331 amplius
458 1251 634 1332 procedere
657 1267 866 1332 nequeamus:
891 1249 969 1314 mibi
987 1251 1101 1315 saltem
1117 1270 1181 1316 non
1198 1251 1323 1333 obtigit.

94 1357 241 1420 Alteram
265 1357 366 1437 priori
390 1357 576 1422 dissimilem
600 1357 778 1438 ingrediar,
809 1375 872 1438 qua
896 1375 966 1422 cum
990 1357 1029 1421 de
1054 1357 1164 1423 Diocle
1192 1363 1260 1424 tum
1284 1359 1324 1424 de

93 1462 199 1528 altero
224 1462 347 1526 Laertii
372 1462 460 1528 fonte
483 1464 637 1546 primario
662 1464 744 1530 scitu
768 1464 866 1546 digna
888 1464 1171 1546 recuperabuutur.

270 1727 319 1794 Il.
345 1729 396 1795 De
419 1729 595 1796 indicibus
618 1729 912 1814 homonymorum
935 1699 1150 1797 Laertianis.

696 1873 720 1938 Ι.

183 2001 233 2063 De
270 1997 492 2080 cognominum
531 1997 751 2079 catalogorum
789 2015 869 2079 quos
908 1997 1137 2078 propemodum
1177 1997 1323 2063 omnibus

93 2105 361 2188 pbilosophorum
384 2105 458 2169 vitis
482 2104 618 2170 subiecit
633 2104 783 2169 Laertius
807 2108 951 2185 ternpore
972 2103 1099 2185 quando
1116 2104 1182 2168 sint
1198 2123 1324 2186 compo-

93 2217 147 2279 siti
176 2233 238 2279 nec
267 2213 362 2276 bodie
393 2212 561 2294 quisquam
591 2211 717 2276 dubitat
747 2229 850 2292 neque
881 2229 1020 2292 unquam
1050 2210 1230 2275 dubitatum
1263 2215 1321 2276 est.

93 2323 177 2386 Ante
215 2319 479 2386 Sebenerlecrmn
514 2317 579 2400 [‘de
607 2317 772 2382 Demetrio
801 2316 960 2398 Magnete'
992 2315 1091 2398 Lugd.
1122 2317 1193 2382 Bat.
1226 2317 1324 2402 1858]

93 2427 222 2491 lonsius
246 2425 312 2509 [⁴de
335 2425 546 2506 scriptoribus
569 2424 724 2488 historiae
748 2422 979 2505 philosophiae'
1005 2443 1036 2505 p.
1064 2423 1131 2508 12],
1158 2423 1324 2490 Glintonus

91 2533 196 2618 [lasti
227 2531 395 2596 Hellenici’
422 2530 551 2613 Lipsiae
578 2529 663 2595 1830
686 2549 717 2612 p.
735 2531 841 2596 XLIII
863 2529 909 2614 m]
937 2529 1100 2595 Prellerus
1128 2530 1325 2614 [Polemonis

90 2641 130 2706 fr.
157 2639 201 2725 V]
227 2639 351 2704 Roseus
374 2638 395 2702 l.
420 2657 445 2703 c.
470 2637 670 2702 Demetrium
698 2637 882 2720 Magnetem
913 2639 1116 2702 coniecerant
1144 2643 1322 2718 auctorem;

90 2749 168 2814 nori
184 2747 268 2812 nibil
284 2748 347 2812 iste
363 2747 499 2829 protulit
514 2747 674 2812 immerito
691 2746 731 2812 ob
747 2745 781 2810 id
801 2745 907 2826 ipsum
931 2743 1081 2809 laudatus
1097 2762 1117 2807 a
1133 2743 1324 2810 Nietzscbeo

90 2855 188 2940 [mus.
215 2854 306 2919 rhen.
330 2855 436 2918 XXIV
460 2855 575 2939 (1889)
599 2873 629 2935 p.
651 2853 737 2938 181].
785 2853 829 2918 At
862 2869 930 2917 rem
963 2869 1022 2933 per
1040 2869 1091 2916 ‘se
1125 2851 1325 2933 probabilem

90 2968 217 3028 certam
241 2961 383 3026 reddidit
406 2961 618 3042 argumentisl
658 2961 696 3026 Id
719 2960 747 3024 si
770 2957 910 3038 iecisset,
935 2957 1023 3022 laudi
1046 2957 1184 3023 hominis
1207 2959 1325 3023 nollem

90 3069 292 3146 obtrectare,
318 3068 468 3149 quoniam
492 3087 551 3150 pro
576 3086 634 3132 sua
657 3073 751 3149 parte
774 3065 956 3130 lItteramm
980 3065 1194 3146 promovisset
1218 3065 1325 3147 cogni·

90 3177 225 3241 tionem.
267 3174 351 3252 Quot
376 3175 459 3239 euim
483 3174 527 3239 ibi
552 3175 693 3239 citantur
716 3191 851 3256 quorum
875 3177 966 3236 aetas
982 3171 1111 3236 aliunde
1127 3172 1326 3254 incomperta

91 3289 150 3348 aut
174 3281 352 3348 artioribus
376 3281 691 3346 clrcumscribcretur
714 3279 831 3345 finibus
855 3283 912 3344 aut
934 3278 1124 3344 artissimis?
1163 3277 1326 3344 Ciceronis

91 3391 148 3454 ille
164 3407 262 3470 quem
279 3387 399 3454 babent
413 3407 473 3470 pro
491 3389 647 3471 scriptore
663 3387 737 3473 aspi
757 3383 937 3471 ὁμωνύμων
953 3384 1125 3450 Laertiano
1142 3385 1326 3450 Demetrius

93 3495 260 3577 Atticique
277 3498 348 3559 erat
363 3496 494 3574 amicus,
511 3513 615 3578 neque
633 3495 735 3560 solnm
752 3495 882 3577 scripsit
897 3493 971 3578 napi
985 3489 1167 3577 ὁμωνύμων
1182 3493 1327 3577 ποιητῶν

92 3599 151 3665 καὶ
166 3605 385 3687 συγγραφέων
401 3600 453 3685 [cf.
473 3600 579 3667 Laert.
598 3603 692 3684 Diog.
709 3603 738 3668 V
754 3602 799 3686 3],
815 3619 926 3666 verum
942 3601 1039 3664 etiarn
1054 3599 1128 3685 περὶ
1145 3594 1325 3682 ὁμωνύμων

93 3709 224 3773 πόλεων
252 3714 286 3773 et
315 3713 388 3794 περὶ
419 3705 629 3792 ὁμονοίας”).
675 3707 861 3773 Praefracte
884 3712 992 3772 tamen
1020 3707 1104 3789 quod
1131 3706 1194 3771 iste
1217 3705 1327 3788 posuit

93 3835 186 3898 nego.
220 3815 421 3897 Argumenta
436 3833 508 3881 urea
524 3815 701 3897 explicabo,
718 3821 889 3898 postquam
901 3813 1078 3880 aduersarii
1092 3814 1324 3879 examinavere.

167 3974 206 4048 23)
224 3973 316 4029 Urbes
343 3973 466 4026 citantur
493 3973 592 4042 passim
616 3990 632 4028 a
657 3973 796 4042 Stephano
819 3971 894 4042 Byr,
923 3971 998 4026 relat
1017 3988 1038 4026 a.
1057 3987 1082 4026 r.
1099 3969 1219 4039 Ἀθῆναι,
1239 3975 1266 4024 et
1292 3971 1326 4025 ab

95 4062 327 4134 Harpocratione.
341 4093 373 4102 -
389 4061 603 4118 Scbeaerloerus
623 4063 650 4117 in
669 4061 756 4133 praef.
774 4079 802 4131 p.
815 4064 831 4115 7
845 4077 898 4116 uno
916 4061 989 4118 libro
1007 4063 1069 4134 napi
1087 4060 1243 4134 ὁμωνύμων
1260 4079 1326 4127 ποη-

93 4155 147 4208 ιῶν
166 4155 349 4225 συγγραφέων
366 4172 393 4207 τι
411 4154 457 4206 καὶ
473 4151 576 4209 πόλεων
594 4152 750 4208 litterarum
763 4151 857 4207 ordine
870 4151 1041 4207 Demetrium
1057 4151 1145 4220 egisse
1164 4150 1324 4218 arbitratur,
