3010 4866
1277 178 1319 244 55

85 357 251 424 historiae
279 376 342 424 non
372 361 423 424 est
454 356 540 440 quod
567 359 643 438 post
666 355 805 422 Gellium
832 355 1065 438 praedicemus.
1111 353 1258 422 Vidimus
1285 357 1320 422 in

85 463 151 530 illa
172 465 273 530 etiam
297 464 337 530 de
359 464 456 530 rebus
478 463 742 546 homonymorum
766 499 806 512 -
831 481 889 530 seu
911 463 1012 530 maris
1036 462 1196 530 clarorum
1218 461 1320 530 homi·

86 589 169 638 num
193 607 237 618 -
260 568 360 636 inisse
382 571 573 654 expositum.

183 696 210 743 e.
237 677 516 744 ‘Testimoniorum
543 676 627 742 mole
654 677 776 743 indices
808 681 884 742 sunt
906 675 1035 742 onusti’.
1080 675 1257 742 Favorinus
1280 695 1320 742 er

86 784 205 850 multis
240 789 273 849 et
306 785 404 850 variis
439 788 473 850 et
505 785 637 851 remotis
671 783 864 850 lectionibus
894 783 1116 864 oomnigenam
1150 781 1320 850 historiam

87 891 282 956 elaboravit
329 890 563 974 Nonnunquam
591 889 721 957 eosdem
749 890 849 956 libros
877 889 1018 956 indicum
1041 889 1179 972 scriptor
1203 894 1237 956 et
1259 891 1320 956 Fa·

86 997 225 1064 vorinus
259 1001 432 1078 usurpant,
467 998 556 1064 velut
588 999 789 1064 Demetrium
817 998 1002 1080 Magnetem
1035 1031 1080 1044 --
1113 1013 1208 1079 quem
1236 996 1318 1062 179

86 1108 278 1170 antestatur
292 1103 469 1170 Favorinus
488 1106 521 1170 in
546 1105 783 1172 commentariis
799 1141 842 1154 -
858 1109 892 1170 et
906 1105 1141 1170 Erasistratum
1165 1103 1320 1187 [indicum

86 1211 234 1292 scriptor
249 1211 283 1276 in
297 1210 546 1294 chrysippomm
562 1213 655 1292 serie,
672 1212 850 1278 Favorinus
867 1212 952 1293 apud
969 1209 1180 1294 Gellium⁶⁹)].
1210 1211 1320 1276 Etiam

87 1319 262 1384 Timaeum
283 1315 545 1401 Hermippum⁶⁰)
568 1315 819 1401 Pamphilam⁸¹)
849 1319 1019 1402 omnigena
1049 1320 1161 1386 citavit
1183 1318 1321 1385 historia

86 1425 145 1511 [cf.
170 1445 202 1508 p.
221 1424 286 1509 58].

183 1533 214 1598 d
241 1531 395 1614 ‘Scriptor
416 1531 679 1614 homonymorum
702 1531 786 1597 vitos
810 1548 936 1613 quoque
958 1531 1150 1597 Laertianas
1177 1531 1319 1614 locuple·

86 1641 196 1708 tarit’.
254 1639 298 1705 Et
330 1639 391 1704 hoo
425 1639 554 1722 quidem
592 1638 644 1720 de
671 1637 842 1718 omnigena
878 1636 1016 1702 historia
1050 1656 1143 1704 nemo
1178 1657 1319 1722 unquam

86 1748 238 1830 negavit:
264 1746 361 1811 vicies
385 1747 558 1826 excitatur,
587 1745 735 1828 quotiens
759 1744 1020 1810 secundariorum
1043 1749 1210 1810 auctorum
1233 1747 1320 1828 apud

86 1854 259 1920 Laertium
281 1871 374 1919 uerno
398 1853 490 1920 alius.
519 1852 563 1918 Et
585 1851 671 1918 vide:
698 1857 732 1918 et
753 1851 950 1934 biographus
973 1851 1097 1918 Laertii
1120 1851 1181 1936 [ΙΙΙ
1204 1853 1261 1937 37]
1286 1858 1320 1919 et

90 2069 145 2124 190
166 2066 204 2135 [..
223 2064 334 2133 scripsit
352 2061 406 2133 Pt]
425 2064 487 2134 περὶ
508 2067 641 2134 Αχιλλέως
664 2061 711 2118 τοῦ
733 2063 862 2134 γηγενοῦς
885 2063 931 2116 καλ
954 2061 1008 2116 ἀπὸ
1032 2065 1085 2118 τῶν
1104 2061 1235 2134 Ἰλιακῶν,
1261 2063 1320 2120 ὅσοι

87 2161 213 2228 ἐγένοντο
238 2153 398 2226 Ἀχιλλεῖς·
420 2150 590 2224 περιώνυμοι.
629 2151 670 2208 Ib-
690 2147 730 2206 ὅτι
753 2151 807 2206 dni
828 2153 881 2206 τῶν
895 2149 1018 2206 Ἰλιακῶν
1037 2153 1186 2224 ὀνομαστοὶ
1203 2154 1318 2226 γεγόνα-

87 2265 134 2300 σιν
149 2241 282 2299 ‘Elimas
300 2246 354 2296 καλ.

168 2331 206 2404 ⁵⁹)
222 2330 374 2386 Historiola
385 2328 459 2397 XVI,
474 2331 490 2386 3
507 2329 611 2399 lepida:
631 2333 675 2382 Ad
692 2334 822 2398 quendum
835 2338 972 2396 aegrotum
985 2349 1042 2382 cum
1057 2335 1119 2383 isset
1137 2331 1316 2404 [Favorinus]

89 2441 190 2491 nosque
207 2441 267 2474 cum
286 2439 314 2473 eo
332 2425 511 2472 ιάλναιζιοειιιαι
527 2423 662 2487 multaque
680 2423 717 2472 ad
731 2423 841 2472 medicos
858 2425 907 2487 qui
920 2427 975 2471 tum
986 2423 1063 2492 sorte
1081 2425 1137 2472 isar
1154 2431 1232 2474 erant
1248 2427 1318 2475 vole·

88 2517 191 2564 hadrac}
214 2517 270 2563 eries
290 2515 385 2578 grotta
407 2514 523 2562 orarem
545 2527 648 2577 graeca
671 2513 786 2570 ἀναίτιοι,
810 2515 849 2560 'ac
866 2527 899 2560 ne
916 2513 962 2560 hoc
980 2513 1084 2576 φιάλιον
1102 2513 1208 2574 mr'rum,
1227 2517 1319 2579 mqar't,

88 2607 179 2656 ositeri
194 2605 274 2662 dedet,
292 2603 363 2667 quod
379 2617 437 2652 mam
456 2601 566 2650 antehac
583 2608 686 2665 semper
703 2601 803 2650 edundi
810 2601 904 2668 fuerat
919 2603 1054 2666 adpetens,
1077 2617 1148 2654 nunc
1165 2605 1227 2667 post
1243 2605 1319 2668 sinpe-

88 2702 179 2746 ratam
198 2693 312 2744 medam
325 2693 410 2741 indui
419 2693 502 2742 omnes
513 2693 569 2742 eius
581 2693 701 2756 adpendet
716 2693 832 2756 pratea
851 2692 1009 2756 eungueru.
1037 2690 1110 2740 Nam
1122 2693 1193 2757 quod
1203 2693 1319 2744 Erasi·

88 2791 224 2834 stratus
242 2783 376 2845 scriptum,
395 2783 487 2846 mquid,
505 2783 620 2846 reliquit,
634 2783 821 2846 propemodum
840 2797 932 2830 verum
947 2787 991 2830 est.
1020 2777 1077 2831 Iam
1090 2784 1220 2832 secuntur
1233 2778 1319 2834 multa

88 2887 125 2925 ex
143 2868 316 2923 Erasistrato
336 2867 421 2922 serbo
440 2872 519 2921 tenus
538 2865 620 2922 dicta.
656 2867 732 2922 Haec
752 2881 813 2922 cum
835 2871 933 2936 postea
950 2865 1148 2920 Erasistratum
1168 2865 1227 2934 ipse
1245 2865 1318 2934 iege·

89 2963 134 3014 ret
154 2955 261 3013 deliine
279 2969 366 3026 paene
386 2955 420 3010 ad
441 2953 553 3010 verbum
572 2956 679 3012 iurauit
697 2961 800 3011 tantam
819 2953 949 3010 Favorini
970 2954 1118 3010 memoriae
1142 2953 1318 3010 tenacitatem

88 3043 279 3102 mirabundus.

167 3135 206 3206 60)
224 3135 249 3190 V
268 3137 303 3190 41
323 3139 523 3204 deportabatur
550 3135 579 3188 δι’
607 3153 689 3204 φησιν
715 3131 869 3205 γηράσαντα
896 3133 977 3188 αὐτὸν
1000 3137 1029 3188 ἓν
1052 3137 1152 3204 φορείῳ
1179 3136 1318 3204 περιφέρε·

91 3227 258 3282 etamsi
283 3225 359 3278 τοῦτο
381 3226 468 3295 λέγειν
482 3221 685 3296 Ἕρμιππον,
723 3223 819 3280 Potest
841 3223 924 3278 etiarn
947 3237 1006 3278 esse
1030 3237 1065 3278 ex
1089 3235 1318 3292 aporunsmonen·

91 3313 181 3369 matis.
201 3344 236 3352 —
256 3312 297 3368 De
315 3312 456 3367 Timaeo
474 3311 509 3366 oi.
527 3311 589 3367 adn.
610 3315 651 3368 99.

163 3401 201 3472 61)
220 3400 316 3470 steph.
334 3399 401 3472 Byz.
420 3417 440 3455 s.
461 3418 486 3455 v.
501 3397 621 3464 Ῥοαεῖς·
641 3405 720 3464 ἔθνος
739 3395 769 3456 οὗ
788 3406 921 3474 μέμνηται
933 3405 1094 3474 Φαβωρῖνος
1114 3403 1143 3454 ἐν
1161 3400 1271 3472 ἐπιτομῇ
1293 3399 1319 3454 θ’

93 3495 137 3558 τῆς
156 3493 345 3563 Παμφίλης.
383 3489 444 3544 Dici
472 3489 581 3560 nequit,
608 3497 780 3561 quantopere
804 3489 851 3544 hic
874 3490 950 3545 loeus
974 3489 1050 3543 viros
1078 3488 1173 3544 doctos
1197 3487 1318 3542 torserit.

92 3583 217 3636 Eatenus
235 3595 329 3634 omnes
347 3579 527 3648 consentiunt,
546 3587 578 3634 ut
597 3581 632 3636 ad
650 3581 822 3635 coniecturas
841 3577 1007 3650 confugiant.
1036 3577 1156 3647 Quorum
1176 3575 1319 3632 conamina
1388 3558 1395 3576 '

92 3669 199 3724 nullum
216 3669 302 3724 habet
313 3669 432 3738 speciem
450 3667 655 3738 probabilitatis
674 3667 719 3741 [ei.
737 3669 877 3726 Mainakei
895 3669 977 3741 adn.].
1005 3667 1087 3723 Ratio
1106 3667 1142 3722 ud
1160 3681 1240 3736 quam
1261 3666 1318 3722 exi·

93 3765 175 3830 gatar
202 3756 335 3812 arheulns
358 3757 392 3812 ab
415 3757 450 3814 iis
478 3757 598 3828 petenda
620 3764 663 3814 est
685 3757 815 3828 exemphs
842 3771 911 3826 quae
940 3772 1023 3827 snpra
1047 3757 1086 3828 [p.
1104 3757 1151 3829 34]
1176 3756 1318 3828 adsumpsi,

94 3863 155 3901 curn
168 3846 202 3900 de
216 3845 332 3902 Seleuco
345 3846 520 3916 disputarem,
535 3846 609 3901 velut
629 3846 763 3908 ιΣέλεααός
783 3867 863 3918 ᾳησιν
882 3850 909 3901 ἐν
928 3847 957 3919 τῇ
969 3845 1087 3919 Erupip’
1106 3843 1125 3898 i.
1144 3861 1167 3900 a.
1182 3845 1208 3900 S.
1228 3844 1318 3900 adfert
1385 3883 1396 3896 .

93 3953 128 3992 ex
144 3935 242 4004 Cypria
259 3935 373 3990 Homeri
392 3933 513 3990 editione
533 3939 583 3989 etc.
603 3933 688 3989 Vides
707 3935 842 4003 quomodo
861 3933 1096 4004 interpretandum
1114 3933 1159 4005 sit;
1179 3933 1237 3989 scil.
1256 3933 1317 3990 ‘Fa-

93 4025 207 4080 vorinus
231 4040 267 4079 ex
288 4021 446 4092 Pamphilae
469 4023 595 4093 epitomis
619 4023 730 4080 adfert.
744 4063 750 4077 .
764 4023 792 4078 .':
812 4023 915 4080 Multos
937 4023 1009 4078 enim
1031 4028 1158 4079 auctores
1176 4023 1319 4094 Pamphila

93 4112 255 4184 epitomavit
274 4111 319 4184 [ci.
340 4111 414 4169 snio.
433 4130 454 4169 s.
473 4113 519 4185 r.].
