3010 4866
1245 222 1289 288 43

65 399 146 464 enim
173 397 324 466 lubenter
351 398 488 482 largior,
516 397 601 464 hunc
628 397 748 478 locum,
773 398 801 463 si
824 397 933 464 eolus
957 415 1024 480 per
1047 415 1090 464 se
1113 403 1288 480 spectetur,

64 506 163 572 videri
192 505 381 574 enodatum:
405 510 441 572 at
463 506 497 572 in
519 524 612 572 usum
636 510 670 571 et
693 505 954 572 consuetudinem
978 504 1146 586 scriptoris
1168 505 1290 570 mainu-

64 613 179 679 andnm
203 619 262 680 est.
308 613 352 680 Et
375 613 543 680 observavi
570 613 658 696 apud
680 612 820 678 seriores
848 611 1076 694 compilatores
1102 604 1197 688 οὗτος
1224 630 1289 678 non

64 720 155 786 modo
179 721 222 786 ad
245 721 439 786 anteriorem
462 719 621 803 quendam
645 718 823 801 proximum
844 723 1002 800 spectare,
1027 718 1085 784 sed
1099 717 1290 800 saepissime

64 827 108 892 ad
131 846 214 894 cum
239 828 284 893 de
307 846 383 911 quo
405 845 481 892 uuo
505 845 653 910 quoquc
677 826 810 908 agitur
833 821 1023 907 eapite⁴’).
1055 824 1143 903 Quae
1160 825 1289 908 quidem

63 933 112 1000 lex
157 932 335 1016 efflagitat,
380 939 418 1002 ut
460 938 572 1016 spreta
608 933 878 1016 interpretatione
916 930 1151 998 Nictzaohcana
1191 930 1291 998 verba

57 1037 294 1127 Ἐρατοσθένης
308 1039 347 1106 δέ
361 1057 447 1127 φησι,
470 1037 560 1106 καθδ
583 1045 638 1106 καί
656 1041 866 1124 Φαβωρῖνος.
882 1089 889 1104 .
903 1041 1133 1124 παρατίθεται,
1151 1038 1290 1104 τοῦτον

64 1149 148 1212 εἶναι
183 1145 243 1214 τὸν
276 1153 405 1233 πρῶτον
437 1143 591 1230 λντίχνως
623 1143 848 1213 πυκτεύσαντα
883 1145 948 1212 κτλ.
986 1145 1028 1212 ad
1061 1145 1289 1228 philosophum

63 1250 254 1334 referantur,
280 1255 431 1337 quoniam
453 1253 493 1319 de
517 1272 556 1319 co
579 1253 687 1335 agitur
709 1257 779 1320 toto
803 1252 919 1334 eapite,
942 1271 1007 1318 non
1031 1253 1106 1334 quia
1129 1253 1289 1335 inpriore

63 1357 202 1426 indiculo
226 1360 359 1428 nlttmus
383 1365 561 1442 comparet:
586 1360 639 1426 hio
662 1361 747 1426 enim
769 1359 904 1426 fortuito
929 1359 1036 1426 evenit
1059 1373 1242 1426 consensus.

148 1467 272 1533 Dubito
296 1467 394 1534 etiam
417 1467 458 1534 de
480 1467 686 1534 Eudoxorum
708 1466 986 1550 Archytammque
1008 1467 1175 1550 catalogis.

149 1573 228 1640 VIII
251 1575 293 1640 82
316 1572 473 1652 Γεγόνασι
495 1574 532 1639 δὲ
547 1570 730 1659 Ἀρχῦται
752 1577 915 1660 τέσσαρες·

148 1685 278 1764 πρῶτος
300 1675 397 1756 aime
420 1675 528 1757 οὗτος·

149 1785 295 1874 δεύτερος
317 1788 540 1874 Μυτιληναῖος
561 1785 724 1872 μουσικός·

149 1897 253 1979 τρίτας
274 1893 351 1980 περλ
372 1898 527 1980 γεωργίας
548 1893 795 1981 σογγεγραφοίς·

148 2003 299 2086 τέταρτος
321 1997 656 2086 ἐπιγραμματοποιός·

148 2102 231 2170 ἔνιοι
242 2111 298 2172 καί
309 2111 459 2190 πέμπτον
469 2103 684 2195 ἀρχιτέκτονά
694 2123 798 2194 φασιν
809 2103 847 2176 οὗ
860 2111 992 2197 φέρεται
1003 2110 1132 2193 βιβλίον
1142 2111 1216 2194 περί
1229 2132 1288 2196 μη-

65 2213 161 2294 χανῆς
169 2207 277 2300 δρχην
289 2211 507 2300 ίχονταύτην·
524 2212 613 2281 ιτάδε
624 2216 715 2302 παρὰ
726 2213 865 2302 Τεύκρου
876 2216 1100 2304 Καρχηδονίου
1111 2213 1287 2304 διήκουσα.

149 2317 227 2384 VIII
251 2320 294 2388 90
317 2317 474 2400 Γεγόνασι
497 2320 533 2386 δὲ
554 2322 731 2400 Εὔδοξοι
752 2333 850 2410 τρεῖς·

148 2419 250 2501 ἀδτδς
271 2420 378 2504 οὗτος·

148 2535 260 2618 ἔτερος
276 2529 399 2610 Ῥόδιος
422 2530 564 2620 ἱστορίας
585 2535 832 2624 συγγεγραφώς·

149 2643 253 2725 τρίτος
274 2641 464 2728 Σικελιώτης
485 2650 564 2719 παίς
580 2638 824 2722 Ἀγαθοκλέους
846 2641 979 2730 ποιητὴς
1006 2645 1177 2732 κωμῳδίας
1198 2647 1288 2720 νίκας

64 2743 143 2812 tter
166 2742 300 2824 ἀστικὰς
321 2751 382 2831 μὲν
404 2761 497 2835 τρεῖς,
521 2749 689 2836 Ληναίκδς
710 2751 748 2816 δὲ
771 2755 877 2836 πέντε,
899 2751 993 2816 καθοί
1017 2769 1113 2838 φησιν
1129 2748 1288 2820 Ἀπολλό-

65 2849 162 2938 δωρος
184 2853 221 2919 δν
243 2857 426 2940 Χρονικοίς·

150 2958 341 3045 εὑρίσκομεν
363 2961 399 3026 cs
421 2961 477 3026 καλ
495 2962 602 3029 ἄλλον
619 2963 731 3050 ἰατρὸν
741 2965 876 3031 Κνίδιον
890 2965 964 3051 περλ
979 2959 1017 3030 οὗ
1035 2981 1135 3052 φησιν
1144 2966 1288 3047 Εὔδοξος

132 3135 171 3208 ⁴²)
187 3137 245 3194 Res
262 3135 345 3191 Ieeile
362 3135 521 3208 dispiciiur:
541 3139 588 3208 lx,
607 3141 633 3209 5,
653 3141 686 3196 25
705 3140 803 3206 Ζήνων
817 3139 950 3208 Ἐλεάτης·
975 3142 1068 3198 τοῦτον
1082 3143 1287 3199 Ἀπολλόδω·

67 3221 118 3290 ρλς
136 3241 218 3292 φησιν
235 3225 309 3277 εἶναι
326 3225 356 3276 ir
371 3228 510 3294 χρονικοῖς
529 3223 608 3295 φύσει
625 3226 678 3298 μέν
698 3225 891 3299 Τελευταγόρου
913 3231 987 3284 θέσει
1009 3228 1038 3282 δὲ
1056 3229 1287 3300 Παρμενίδου·

68 3309 137 3376 περὶ
155 3304 273 3362 κοτίνου
293 3306 363 3378 [scil.
381 3307 415 3362 de
434 3307 558 3379 Zenone]
578 3311 623 3364 καί
642 3313 776 3366 Μελίσσου
791 3317 884 3384 Τίμων
902 3315 968 3382 ηησλ
986 3313 1075 3368 ταῦτα.
1100 3311 1234 3370 Orederee
1252 3315 1286 3372 de

69 3387 227 3448 Permesside
239 3391 341 3448 dixisse
355 3392 504 3448 Timonem.
533 3393 575 3449 lb.
589 3396 622 3450 29
641 3393 682 3450 ὅτι
694 3398 723 3450 δι’
736 3397 864 3470 γεγόνασι
875 3397 997 3466 Ζήνωνες
1008 3397 1079 3453 δκτιδ
1091 3401 1120 3454 λν
1131 3399 1167 3470 τῷ
1179 3406 1288 3456 Κιτιεῖ

70 3473 203 3548 [Zenona]
230 3477 419 3552 διειλέγμεθα·
449 3477 548 3552 ἤκμαζε
573 3481 602 3536 δὲ
625 3473 721 3544 οὗτος
746 3479 815 3554 [scil.
840 3480 873 3538 δε
898 3498 953 3552 quo
981 3482 1074 3551 agitur
1097 3481 1207 3552 Eleate,
1232 3501 1287 3542 non

70 3557 191 3616 Citiensis
209 3561 258 3631 qui
277 3561 399 3634 videtur]
418 3567 472 3618 κτλ.
487 3563 535 3632 IX,
549 3567 574 3632 9,
588 3565 621 3620 57
642 3563 791 3636 [DIopenes
802 3565 988 3639 Apollonieis]
1007 3561 1040 3635 ἦν
1058 3567 1088 3622 δέ
1106 3573 1162 3629 τοῖς
1178 3569 1288 3642 χρόνοις

70 3645 122 3698 ιο(
135 3645 381 3720 Ἀναξαγόραν·
401 3648 518 3704 τοῦτον
538 3649 607 3718 [scil.
627 3649 788 3722 Diogenem]
808 3649 1068 3724 aestimassetis
1085 3653 1287 3726 Δημήτριος

71 3729 111 3781 δια
127 3734 216 3802 μέγαν
235 3729 344 3801 φθόνον
361 3733 460 3804 μικροῦ
477 3731 652 3788 κινδυνεῦσαν
671 3735 821 3802 Ἀθήνησιν.
871 3735 967 3805 Neque
991 3737 1073 3792 aliter
1095 3736 1163 3793 illud
1186 3737 1288 3803 αδτός

71 3805 156 3876 οὗτος
179 3815 208 3870 in
230 3815 363 3886 catalogis
389 3817 457 3886 ipsis
480 3817 612 3888 explicari
635 3825 741 3889 potest,
765 3820 843 3875 salut
865 3819 894 3876 in
915 3819 1132 3892 Pythagoramm
1156 3823 1287 3894 catalogo.

71 3894 150 3954 usu
171 3899 297 3970 exempta
319 3907 413 3957 cotem
433 3901 584 3958 innumera.
619 3903 664 3958 Ex
683 3903 768 3960 Βαίου
789 3921 872 3960 onom
895 3905 1048 3962 adscribam
1066 3923 1086 3962 a
1107 3923 1132 3962 τ.
1152 3905 1287 3980 Ἡρακλεί-

71 3983 113 4048 δης
194 3984 268 4048 ὅστις
280 3984 413 4058 Διδδμηι
432 3989 473 4058 τῷ
491 3985 616 4044 πάνυ..
635 3993 783 4061 λφολτησεν·
803 3981 897 4052 οὗτος
918 3990 1104 4062 fflenefidee,
1123 4007 1177 4048 von
1200 3993 1287 4064 Didy-

70 4069 135 4140 mus]
153 4073 210 4126 ίιιιλ
227 4069 458 4144 ἤκουσενῖλτερις
471 4109 510 4144 ..,
528 4077 631 4145 λγραυι
656 4080 791 4148 popter
814 4079 868 4132 κτλ.
885 4105 921 4116 -
939 4075 1007 4133 Veri
1024 4081 1130 4146 partem
1145 4078 1288 4148 perspexit

71 4147 159 4210 Rohde
179 4157 260 4226 [mna.
279 4155 358 4212 rhen.
376 4156 468 4212 XXVI
487 4157 583 4230 [1871]
603 4175 629 4229 p.
647 4161 700 4218 569
718 4160 766 4233 n.].
