3010 4866
205 169 248 232 22

205 344 422 422 scholarchae,
439 345 468 409 si
484 344 613 426 quidem
625 344 689 408 iarn
701 342 853 408 Patronis
863 347 973 408 aelate
984 343 1026 408 ah
1038 343 1189 408 Memmio
1201 349 1274 408 crat
1289 349 1432 425 emptum

206 452 258 536 [ci.
277 451 341 518 Cic.
366 451 407 516 ad
430 449 505 516 iam.
522 449 610 528 XIII,
637 453 667 514 l.
682 449 724 514 ad
740 449 837 514 Attic.
854 449 892 527 V,
921 448 989 533 ll]:
1013 451 1114 530 igitur
1128 450 1170 514 ad
1186 451 1381 516 senteutiam
1398 449 1434 514 ἐν

204 557 296 644 κήπῳ
318 557 531 640 supplendum
547 562 607 622 est.
631 591 675 602 -
697 555 778 620 Erat
793 555 943 620 Laertius
957 555 1089 637 Epicuri
1113 557 1140 620 si
1163 574 1227 621 uon
1248 557 1374 622 assecla
1390 593 1433 604 -

206 665 384 731 dubitabile
407 665 502 744 euim,
525 664 637 745 ipsene
653 663 785 744 Epicuri
808 661 1004 746 δογμαιιιὰς
1017 667 1165 748 σειρῆνας
1179 664 1209 729 X
1225 666 1245 728 9
1262 663 1378 730 efferat
1393 683 1433 728 an

206 779 320 838 auctor
342 772 474 856 quidam
489 777 583 837 -at
606 771 794 850 admirator,
819 770 915 853 idque
939 787 1055 836 causae
1077 770 1149 850 iuit,
1173 790 1230 836 cur
1245 771 1287 836 dc
1300 771 1435 853 Epicuri

205 881 274 946 rita
301 879 403 946 multo
430 879 526 962 plura
553 898 593 944 er
620 877 742 944 Dioclis
772 878 856 944 lihro
884 895 981 960 quam
1015 877 1057 944 de
1090 879 1207 944 ceteris
1237 879 1434 960 desumpsit:

206 1005 281 1052 nam
303 993 439 1068 uterque
462 987 495 1052 in
519 985 632 1051 eodem
658 985 787 1051 homine
813 985 974 1050 laudando
1002 985 1234 1052 consentiebat
1280 986 1348 1052 Nec
1370 986 1437 1052 dis-

207 1099 319 1177 crepat
340 1093 486 1159 Platonis
515 1093 658 1158 studiurn
687 1092 825 1158 Laertii:
850 1092 1001 1158 Laertius
1029 1093 1114 1158 enim
1143 1093 1286 1176 loquitur
1308 1093 1358 1159 111
1382 1097 1439 1182 47,

206 1219 272 1266 non
299 1200 443 1280 Diocles,
472 1205 510 1266 ut
536 1217 707 1282 perperam
735 1199 946 1266 h'ietascheus
974 1196 1116 1284 dixit¹¹).
1167 1201 1215 1266 Ex
1243 1220 1307 1283 quo
1338 1201 1437 1266 ardor

207 1306 416 1389 certandiqoe
440 1307 555 1389 cupido
579 1306 665 1388 apud
688 1305 898 1388 philosophos
920 1304 1096 1387 deferbuit,
1120 1308 1321 1372 diversarum
1345 1307 1438 1373 scho-

207 1414 311 1480 larum
335 1419 513 1480 sectatores
529 1415 648 1480 sensim
671 1414 825 1480 mutando
841 1419 876 1478 et
891 1414 1089 1480 emendando
1105 1415 1231 1496 priscae
1246 1415 1438 1497 discipliuae

208 1521 414 1586 severitatem
438 1520 617 1600 laniabant,
646 1521 756 1604 itaque
779 1519 913 1600 lactum
942 1525 979 1585 ut
1001 1519 1225 1602 Nooplatouici
1253 1540 1318 1588 nou
1341 1521 1437 1586 modo

208 1647 280 1693 cum
307 1627 533 1710 Peripateticis
561 1633 596 1692 et
626 1627 839 1709 Pythagoreis
867 1627 900 1692 in
929 1645 1028 1692 uuum
1057 1627 1290 1708 coalescerent,
1325 1645 1438 1694 verum

208 1736 439 1818 Epicureorum
462 1736 593 1800 decreta
615 1753 842 1817 nonnunquam
866 1736 895 1800 si
917 1753 981 1802 uon
1003 1735 1222 1817 adprohareut
1242 1743 1352 1801 lamen
1374 1755 1438 1800 uon

209 1849 470 1926 aspernarentur.
506 1843 662 1925 Exeumlo
678 1843 855 1910 Numenius
870 1849 941 1908 esto
958 1843 1209 1925 Neoplatouicus
1224 1843 1308 1908 idem
1333 1844 1439 1908 iustus

209 1951 440 2034 Epicureorum
463 1949 623 2028 laudator,
646 1950 698 2014 rel
713 1949 874 2016 Lucienus
888 1950 1034 2016 Platonis
1057 1951 1215 2034 simulque
1235 1951 1439 2016 Antisthenis

209 2065 243 2124 et
271 2058 403 2140 Epicuri
435 2056 608 2122 studiosus.
659 2057 711 2122 lta
739 2057 904 2124 Laertium
933 2057 1039 2124 iudico
1068 2057 1208 2140 Epicuro
1238 2077 1274 2124 se
1309 2059 1439 2124 dedisse

209 2166 354 2230 Platonis
384 2165 529 2229 amicum.
561 2200 599 2209 —
630 2163 781 2246 Epicurei
809 2164 910 2230 multo
940 2164 1038 2229 etiam
1071 2171 1147 2246 post
1175 2163 1356 2232 floruerunt
1386 2165 1437 2250 [cl.

210 2273 336 2354 Zumpt,
352 2271 461 2337 Ueber
476 2272 537 2336 deu
551 2271 693 2337 Bestaud
709 2271 767 2336 der
783 2271 898 2354 philos.
913 2271 1051 2340 Schuleu
1067 2277 1128 2338 etc.
1160 2272 1364 2356 hbhandlgg.
1383 2274 1440 2338 der

209 2379 295 2444 Berl.
313 2381 367 2444 Ac.
386 2377 444 2442 der
466 2377 667 2446 Wiss.184·2
691 2397 722 2460 p.
741 2381 781 2443 51
808 2379 908 2464 sqq.];
933 2397 1125 2462 quamquam
1147 2397 1189 2444 ue
1211 2378 1287 2446 hinc
1310 2383 1439 2464 quidem

211 2487 443 2552 accuratiorem
455 2485 578 2550 Laertii
602 2487 718 2552 elicere
740 2504 872 2568 possum
895 2487 1013 2552 aetatis
1028 2493 1138 2553 nomm
1153 2505 1249 2570 quam
1265 2488 1373 2555 adhuc
1389 2507 1440 2554 ex-

211 2599 290 2660 stat:
305 2593 528 2659 interSextum
534 2593 731 2676 Empiricum
744 2593 784 2678 [c.
794 2593 873 2678 200]
886 2594 1100 2660 conlocandus
1112 2601 1172 2674 est,
1185 2613 1280 2676 quem
1293 2597 1396 2674 norit,
1409 2601 1440 2660 et

212 2700 410 2784 Stephanum
419 2700 609 2782 Byzantium
622 2700 661 2784 [c.
675 2701 764 2785 500],
781 2719 876 2784 aquo
888 2701 958 2783 ipse
971 2702 1091 2767 citatur
1103 2702 1232 2783 saepius
1244 2699 1285 2786 [c.
1299 2701 1439 2788 470]”).

300 2807 389 2873 Haec
418 2807 516 2872 habui
543 2827 626 2891 quae
654 2809 773 2891 partim
805 2827 888 2875 nova
923 2809 962 2874 de
991 2809 1102 2875 Diocle
1137 2809 1286 2874 docerem
1321 2812 1440 2894 partim

212 2915 294 2982 falsa
322 2915 553 2998 propulsarem.
606 2915 731 2982 Addam
764 2921 852 2982 nota.
905 2916 1050 2982 Dioclem
1080 2915 1230 2982 Laertius
1264 2923 1440 2984 testantem

211 3022 289 3090 lacit
323 3023 363 3087 de
397 3023 620 3105 Xenophontis
651 3021 742 3105 filiis,
778 3025 819 3090 de
848 3025 1006 3106 Aristippi
1040 3023 1181 3105 facetiis,
1216 3025 1257 3090 de
1285 3025 1441 3109 Diogenis

211 3131 412 3196 vestimentis
442 3137 476 3197 et
503 3132 598 3197 exilio
628 3133 770 3214 sciteque
800 3133 899 3213 dicto,
936 3132 976 3197 de
1004 3131 1146 3198 Cratetis
1169 3133 1379 3221 ¹abstinentia
1409 3139 1441 3197 et

212 3257 331 3322 poena,
361 3239 402 3303 de
425 3237 570 3322 Menippi
597 3239 689 3305 libris
719 3240 823 3322 deque
854 3239 1014 3306 scribendi
1042 3239 1173 3321 ardore,
1202 3241 1242 3306 de
1265 3240 1441 3322 Pyrrhonis

285 3398 324 3470 ²¹)
342 3397 533 3454 Φιλοπλάτωνι
559 3400 590 3454 δι’
617 3417 659 3454 σοι
686 3401 829 3461 δικαίως
856 3396 1011 3472 ὑπαρχούσῃ
1036 3399 1083 3453 zai
1105 3399 1171 3471 παρ’
1195 3396 1320 3454 ὁντινοῦν
1346 3398 1379 3455 τὰ
1398 3399 1441 3454 τοῦ

213 3490 362 3560 φιλοσόφον
380 3487 506 3562 δόγματα
526 3493 674 3562 φιλοτίμως
693 3488 801 3563 ζητούσῃ
819 3489 972 3562 ἀναγκαῖον
989 3485 1129 3562 ἧῃσάμην
1146 3485 1309 3561 ὄπογράψαι
1327 3495 1384 3545 tul.
1408 3487 1441 3542 ci.

212 3579 372 3634 Nietzachei
390 3593 483 3648 progr.
501 3595 528 3648 p.
548 3581 573 3634 6.

284 3667 322 3736 ²¹)
341 3666 515 3722 Solnmmodo
535 3667 681 3738 Byzantini
703 3673 820 3721 utuntur
836 3667 959 3736 Laertio,
977 3673 1090 3738 praeter
1108 3667 1277 3737 Stephanum
1296 3667 1345 3738 [de
1365 3667 1442 3723 cuius

213 3762 304 3812 aetate
323 3757 357 3810 of.
377 3757 411 3811 E.
430 3756 525 3812 Rohde
545 3773 612 3811 ntus.
631 3757 709 3812 rhen.
728 3757 848 3812 XXXIV
866 3757 961 3829 [1879]
982 3774 1009 3826 p.
1026 3757 1105 3827 563¹]
1127 3757 1244 3826 Sopater
1263 3755 1359 3828 [Phot.
1378 3756 1441 3812 hihl.

214 3847 274 3902 cod.
303 3847 364 3917 161]
393 3847 510 3902 Photiua
539 3846 637 3902 Suidas
660 3845 793 3915 Cephalus
820 3847 946 3902 Eudocia
972 3846 1137 3902 Eustalths
1164 3847 1268 3901 'laem
1294 3847 1441 3915 Planudes,

214 3935 332 4004 deniqne
355 3935 482 3991 falsarius
507 3936 559 3990 iate
584 3936 738 4006 Hesychius
762 3935 809 4006 qui
833 3936 923 3992 fertur
947 3937 992 4007 [de
1018 3953 1074 4005 quo
1098 3935 1132 3990 cl.
1152 3935 1298 3990 Lehrsiurn
1322 3936 1353 3991 in
1375 3951 1440 3990 mua

214 4023 291 4078 rheu.
310 4024 390 4080 XVII
413 4043 440 4096 p.
463 4027 516 4082 453
539 4041 598 4096 sqq.
620 4051 653 4072 =
672 4025 860 4081 Pindarschol.
884 4041 911 4096 p.
934 4027 983 4082 159
1002 4041 1060 4095 sqq.
1089 4031 1118 4081 ot
1135 4024 1331 4082 Eletascheum
1351 4023 1441 4082 xxiv

213 4131 240 4184 p.
260 4114 335 4183 212]Ι
