3010 4866
1258 229 1298 294 13

66 400 171 466 Grinis
195 397 427 467 Athenodorus
451 395 624 478 Antipater
639 393 880 478 Apollophanes
895 398 1039 468 Boethus
1055 403 1179 471 Hecate
1194 407 1299 474 Hera-

65 509 165 574 clides
188 507 361 574 Tarsensis
390 505 550 571 Persaeus
578 503 715 586 deuiqne
745 502 917 585 Sphaerus.
964 507 1034 574 Hoc
1061 511 1163 594 igitur
1192 515 1298 581 sidia

65 617 171 698 placet
196 619 423 699 argumentum
445 616 595 678 neutram
616 611 650 676 in
673 615 799 692 partem
823 612 1038 682 adhibendum
1063 625 1121 686 est.

109 723 231 789 Cetera
274 723 450 790 videamus,
512 721 556 786 In
598 718 717 805 logm's
757 719 955 807 quibusdam
986 725 1125 811 figuris
1165 727 1299 795 Dioclis

64 830 214 896 occurrat
235 851 365 895 nornen.
411 829 516 895 Semel
540 828 680 894 occurrit
707 829 740 892 iu
763 829 869 911 logica
897 833 1043 914 speciali,
1074 855 1169 917 quam
1193 837 1299 903 Diocli

66 947 190 1005 certum
207 945 259 1004 est
275 938 396 1004 deberi.
436 936 524 1002 Nihil
540 937 641 1018 igitur
656 935 716 1001 hoc
740 936 942 1004 demonstrat
964 959 1060 1022 quam
1084 961 1151 1008 rem
1168 943 1298 1010 aliunde

65 1053 175 1114 noum
192 1046 247 1132 [ci.
264 1067 296 1130 p.
311 1046 375 1131 15].
407 1046 542 1111 Praeter
553 1044 690 1126 logicam
703 1044 767 1110 iam
779 1045 908 1111 Diocles
924 1048 1001 1129 quin
1018 1049 1155 1116 ethicam
1171 1071 1298 1136 quoquc

66 1161 97 1220 et
118 1155 288 1238 physicam
312 1153 462 1219 habuerit
485 1171 548 1218 non
572 1151 703 1217 dubium
725 1171 796 1218 esse
817 1152 956 1235 largior:
982 1157 1067 1238 quod
1083 1158 1157 1224 inde
1174 1159 1299 1225 derivat

66 1262 293 1342 Nietzscheus‚
319 1261 441 1326 Laertii
470 1258 577 1325 ethica
600 1259 794 1342 physicaque
822 1261 954 1328 decreta
977 1263 1156 1330 Stoicorum
1181 1286 1219 1332 ex
1243 1268 1298 1332 Di-

66 1371 143 1436 oclis
168 1371 254 1436 libro
278 1387 487 1452 promanasse
510 1367 625 1433 falsum
650 1373 709 1434 est.

109 1479 173 1542 ‘At
216 1478 308 1542 unde
349 1475 553 1541 ultcssc'mum
593 1475 728 1540 ecerat·
765 1477 805 1541 de
842 1475 976 1543 leslc'bus
1016 1479 1131 1544 ceteris
1163 1487 1299 1567 practer

67 1605 176 1648 unum
206 1583 358 1650 Drcclrm
386 1581 575 1669 explicatur
602 1581 812 1648 setenahmr
864 1585 945 1650 Vide
977 1585 1159 1655 Nietuschei
1189 1591 1298 1656 incon·

66 1693 221 1757 stantiam
245 1697 280 1756 et
306 1692 514 1758 oblivionem!
563 1692 742 1758 Identidem
766 1691 853 1758 iuria
881 1694 979 1760 obicit
1002 1695 1147 1778 Laertio,
1177 1699 1297 1780 quippe

67 1801 118 1882 qui
143 1800 185 1865 de
210 1799 371 1865 industris
393 1801 479 1865 unde
502 1798 649 1865 hauserit
672 1799 865 1866 dissimulet:
890 1820 975 1868 nunc
999 1821 1055 1868 cur
1069 1803 1154 1870 idem
1172 1805 1299 1870 siluerit

66 1905 180 1972 haeret
215 1907 366 1973 incertus.
402 1944 446 1956 -
482 1907 595 1973 Adhuc
630 1925 699 1972 cum
735 1908 873 1991 quadam
911 1910 1152 1992 probabilitatis
1191 1913 1297 1994 specie

67 2013 203 2096 logicam
227 2013 357 2080 Diocles
381 2015 512 2080 Laertio
536 2015 760 2097 suppeditasse
783 2016 886 2082 videri
909 2018 1029 2100 possit:
1055 2024 1164 2084 cetera
1191 2021 1298 2086 omnia

68 2139 189 2188 summo
215 2123 286 2188 iure
309 2123 512 2190 removimus.

154 2229 230 2296 Jam
264 2249 341 2296 vero
370 2231 456 2314 quod
484 2231 689 2314 symmetriae
718 2249 815 2297 causa
844 2230 999 2314 Diogenis
1028 2233 1106 2300 dicit
1134 2253 1169 2300 se
1197 2253 1216 2300 a
1244 2236 1299 2301 de·

68 2335 239 2402 scribenda
263 2336 443 2404 Stoicorum
467 2338 613 2404 doctrina
637 2339 793 2419 desinare,
817 2357 856 2404 eo
880 2340 927 2404 ita
945 2340 1155 2408 NIetzscheus
1178 2342 1297 2410 abusus

68 2451 131 2525 est,
168 2451 206 2510 ut
234 2445 389 2528 Diogenis
420 2446 490 2512 loco
524 2452 721 2529 supponeret
751 2447 895 2512 Dioclem
926 2447 1119 2531 Magnetem.
1174 2451 1297 2516 Laertii

69 2553 152 2618 enim
178 2555 366 2636 symmetria
388 2559 588 2637 quantopere
611 2557 655 2620 sit
677 2553 799 2621 violata
815 2557 970 2637 exemplis
986 2557 1096 2624 studet
1116 2558 1295 2624 ostendere.

68 2659 151 2737 Quid
175 2661 301 2726 obverti
325 2663 429 2744 possit
459 2661 553 2728 facile
584 2659 726 2728 offertur.
765 2662 877 2746 Neque
908 2664 991 2729 enim
1019 2665 1148 2730 modum
1175 2672 1297 2732 cetero-

68 2768 143 2848 quin
169 2767 319 2834 Laertius
341 2787 406 2836 non
429 2769 625 2850 observavit,
654 2771 748 2836 modo
778 2789 818 2835 nc
848 2771 1033 2853 dogmatum
1061 2773 1118 2838 sed
1142 2773 1297 2839 librorum

68 2874 223 2940 ambitum
248 2881 388 2958 quantus
411 2879 456 2942 sit
479 2879 723 2960 computaveris.
772 2879 857 2944 Zeno
881 2879 965 2944 enim
989 2879 1135 2962 pagellas
1159 2882 1298 2963 complet

69 2979 198 3062 XXXV,
224 2981 383 3065 Epicurus
402 2985 548 3066 XXXIV,
573 2987 667 3051 Plato
690 2986 794 3052 XXIV
804 2983 841 3069 ⁴).
888 2987 936 3051 De
960 2987 1077 3053 Stoicis
1100 2989 1201 3070 igitur
1223 2989 1297 3055 novi
1348 3011 1352 3020 ’

68 3089 147 3154 nibil
172 3091 257 3172 quod
280 3093 436 3173 probetur
459 3091 669 3159 Nietzscbeus
693 3093 798 3160 effecit
823 3131 862 3142 -
889 3101 1024 3178 excepta
1046 3095 1184 3162 fortasse
1200 3115 1295 3179 quam

69 3197 108 3261 de
135 3197 242 3280 logica
269 3197 442 3281 profitetur
476 3202 653 3283 sententia,
688 3202 847 3286 siquidem
882 3203 1070 3286 excipienda
1099 3209 1158 3268 est.
1211 3203 1296 3268 Male

70 3305 153 3369 eninr
170 3303 283 3372 (lebeti
300 3307 526 3374 auctoritatem
542 3315 671 3375 secutus
691 3315 766 3391 post
787 3309 1023 3395 κεφαλαιωδῶς
1044 3311 1200 3391 distinxit,
1227 3329 1296 3376 cum

70 3429 178 3477 rerum
211 3413 332 3478 dudum
367 3413 581 3482 intellexisset
610 3415 799 3483 Ambrosius
836 3416 889 3500 [ci.
918 3417 1009 3482 Diels
1037 3417 1236 3500 donograpbi
1264 3438 1294 3500 p.

140 3641 167 3712 ⁴)
183 3641 224 3696 Gt.
245 3643 328 3699 etiarn
347 3643 592 3701 Frendenthalium
611 3663 638 3714 p.
657 3647 718 3703 30⁸.
737 3677 769 3687 -
790 3645 918 3702 Ceterum
936 3645 1015 3716 Dicg.
1034 3647 1129 3703 11147
1152 3647 1294 3704 conferen-

71 3727 121 3784 dus
145 3731 316 3788 acclamans
334 3734 412 3789 Alex.
437 3741 530 3790 strom.
551 3735 576 3791 V
594 3753 620 3806 p.
640 3739 691 3792 761
712 3737 836 3806 Sylburg.
867 3740 913 3790 aot
930 3743 1016 3808 μυρία
1035 3740 1078 3791 ἐπὶ
1096 3744 1204 3810 μυρίας
1222 3740 1294 3812 dnod-

72 3819 111 3888 ῥεῖ
128 3829 396 3894 pachomianam,
415 3832 625 3898 συμμετρίας
644 3822 738 3881 δἀὖν
756 3827 855 3881 ἕνεκα
870 3831 1069 3883 καταπααστὲον
1088 3827 1134 3894 ἤδη
1147 3826 1296 3900 τὸνλόγον,

72 3908 141 3972 ὅπως
158 3912 195 3983 μὴ
213 3909 243 3968 ri
262 3914 309 3968 rori
326 3915 530 3987 rpuyordorrccori
544 3914 701 3988 Ἀγάθωνος
719 3915 855 3988 πάθωμεν
873 3918 918 3969 καὶ
937 3917 1028 3971 αὐτοὶ·

377 4005 416 4058 ’τὸ
434 4006 487 4077 μὲν
504 4003 641 4077 πάρεργον
659 4010 740 4078 ἔργον
758 4005 794 4066 ὡς
811 4003 956 4079 ἡγούμενοι

383 4093 412 4148 rd
430 4094 458 4148 δ’
476 4099 557 4166 ἔργον
575 4095 611 4156 ὡς
628 4095 766 4168 πάρεργον
783 4093 992 4167 ἐκπονούμενον.

74 4175 144 4232 coni.
163 4179 276 4238 Dielcsii
295 4181 408 4253 doxogr.
426 4199 453 4252 p.
473 4185 575 4242 242n1.
593 4199 662 4239 mus.
680 4185 756 4240 rhen.
775 4183 883 4240 XXXII
901 4184 995 4256 [1877]
1014 4203 1040 4256 p.
1060 4189 1110 4243 481
1125 4186 1165 4241 nl.
