3016 4858
1223 231 1284 294 105

80 411 111 470 ct
125 405 315 472 Onesicritus
338 409 372 472 et
386 405 656 489 Philostephanus
673 409 706 471 et
720 404 892 487 Hegesias3
917 407 988 488 ipsa
1003 412 1110 474 cutem
1125 407 1287 474 volumina

80 531 116 576 ex
140 511 257 579 diutino
286 513 350 579 situ
380 513 572 596 squalebant
599 518 633 580 et
660 511 772 578 habitu
803 513 1019 596 adspectuque
1047 519 1152 580 taetro
1183 520 1285 582 erant.

80 619 158 685 Emit
168 621 290 687 Gellius
300 621 443 703 legitque
459 621 573 705 cupide
589 625 623 686 et
638 620 720 686 scitu
735 620 832 702 digna
848 620 1009 704 decerpsit
1023 622 1063 687 ad
1079 623 1288 704 paupertinas

80 744 147 792 suas
167 727 284 794 Noctes
308 727 476 794 ornandas.

161 834 314 902 Crederes
327 837 465 904 Gellium
477 855 586 902 verum
600 836 732 902 dixisse:
747 841 782 901 at
793 836 995 918 impudenter
1006 835 1288 920 imprudenterque

80 944 237 1024 mentitur,
269 943 296 1008 si
328 944 456 1026 quidem
484 944 573 1009 nulla
595 962 666 1009 esse
690 948 799 1026 potest
821 941 980 1009 dubitatio
1004 943 1081 1026 quin
1105 962 1143 1008 ex
1166 943 1287 1009 Plinii

80 1047 115 1114 N.
135 1051 172 1116 H.
195 1050 256 1116 Vll
280 1052 389 1115 9-12
418 1052 526 1116 omnia
554 1051 610 1116 illa
640 1051 794 1117 hauserit.
841 1051 888 1116 Ac
917 1051 945 1116 si
972 1050 1044 1133 quis
1067 1050 1107 1116 de
1130 1051 1289 1116 industria

79 1157 268 1224 commissam
292 1162 416 1224 tantam
445 1158 709 1224 animadverterit
731 1157 891 1238 fraudem,
926 1157 981 1240 qui
1009 1157 1042 1222 in
1073 1176 1108 1222 re
1132 1157 1289 1222 consimili

78 1261 164 1329 fidem
187 1263 321 1330 habebit
336 1266 500 1332 mendaci?
540 1265 712 1332 Consimile
727 1265 807 1330 illud
832 1271 882 1330 est
904 1263 944 1329 de
961 1265 1131 1346 omnigeno
1154 1264 1289 1330 historia

79 1371 259 1438 Gallianum.
317 1373 431 1455 Itaque
465 1378 502 1439 ut
535 1373 699 1438 minimum
735 1391 910 1452 sumamuS,
949 1371 1031 1436 hanc
1069 1373 1289 1454 quaestionem

79 1496 114 1542 co
140 1479 314 1544 diiudicare
346 1479 466 1561 placet,
495 1486 602 1546 utrum
626 1485 715 1545 certa
745 1479 834 1544 illinc
862 1483 1013 1561 excerpta
1036 1478 1120 1560 apud
1152 1478 1289 1544 Gellium

79 1585 256 1668 adpareant.
296 1586 456 1668 Adparuit
478 1588 518 1653 da
541 1587 686 1654 Platonis
708 1585 834 1652 malitia
856 1585 1138 1668 disputatiuncula.
1179 1585 1289 1668 Apage

80 1690 169 1772 igitur
188 1693 286 1760 Gellii
308 1691 418 1758 fidem:
444 1711 507 1760 non
530 1692 671 1758 reddidit
693 1694 893 1776 omnigenam
917 1693 1072 1758 hstoriam
1097 1693 1289 1758 aFovorino

80 1798 220 1866 oblatam.
244 1838 289 1846 -
311 1799 393 1866 Num
417 1799 535 1866 obtulit
557 1801 756 1866 Favorinus?
802 1800 942 1866 Credant
965 1799 1094 1865 creduli.
1136 1799 1169 1866 Si
1193 1819 1290 1864 sum-

80 1925 164 1971 mam
187 1907 447 1974 narratiunculae
476 1907 509 1972 in
540 1927 604 1990 qua
626 1908 727 1974 totius
755 1908 850 1973 cardo
878 1907 1015 1974 vertitur
1038 1907 1291 1972 commenticiam

81 2015 269 2096 apemimus,
298 2019 369 2080 tota
390 2015 432 2080 ad
455 2013 590 2080 fabellas
612 2015 807 2082 remittenda
830 2020 881 2080 est
903 2020 936 2080 et
959 2014 1162 2097 agnoscenda
1183 2013 1291 2096 potius

81 2139 167 2201 quam
201 2127 293 2188 actas
330 2121 388 2186 illa
421 2122 535 2188 eximie
570 2122 669 2188 coluit
704 2122 897 2188 iactabunda
931 2121 1148 2204 simplicitatis
1186 2127 1292 2188 osten·

81 2229 154 2293 tatio
188 2233 221 2295 et
255 2227 468 2294 fraudulente.
527 2228 572 2296 Ut
605 2233 768 2310 repetam,
813 2247 875 2296 non
916 2228 1057 2296 reddidit
1091 2229 1292 2310 omnigenam

80 2333 249 2418 historiam,
274 2337 350 2419 quia
372 2355 435 2402 non
460 2340 510 2400 est
532 2335 650 2402 oblata.

161 2444 284 2510 Addam
323 2443 387 2508 alia
425 2460 507 2526 quae
541 2442 681 2508 indidem
717 2443 896 2526 desumpsit
930 2441 1069 2523 Gellius,
1109 2442 1166 2508 scd
1199 2441 1293 2506 mitto

82 2547 242 2616 incerta¹¹²
261 2601 268 2615 .

165 2660 192 2722 1.
217 2551 275 2722 1)3
300 2656 357 2740 [=
380 2656 487 2722 Laert.
513 2656 608 2740 171]
637 2655 676 2721 de
700 2655 833 2721 Chilone
856 2655 1108 2722 Lacedaemonio
1136 2655 1292 2736 exposuit.

83 2763 110 2827 ls
131 2763 335 2830 moribundus
358 2763 438 2828 nihil
462 2781 496 2828 se
520 2762 716 2828 commisisse
739 2762 816 2828 mali
840 2762 943 2828 fertur
966 2763 1099 2841 dixisse,
1124 2761 1185 2826 nisi
1210 2762 1295 2844 quod

84 2870 112 2934 in
133 2871 222 2938 amici
248 2889 345 2936 causa
367 2869 473 2950 iudex,
498 2889 568 2939 cum
592 2869 662 2952 ipse
685 2870 857 2935 secundum
881 2870 970 2952 leges
988 2869 1154 2947 iudicaret,
1180 2869 1296 2934 ceteris

85 2983 116 3042 ut
147 2997 233 3044 reum
269 2976 451 3043 absolveret
485 2977 708 3059 persuasisset
767 2977 945 3044 Historiola
983 2997 1021 3042 ex
1055 2975 1295 3042 historiolarum

85 3088 207 3165 genere!
260 3085 399 3151 Vererer
427 3085 574 3167 equidem
602 3083 644 3149 ad
670 3083 883 3168 biographum
911 3084 1034 3150 Laertii
1070 3103 1141 3150 eam
1175 3081 1297 3148 1010110

85 3225 121 3236 -
144 3192 254 3275 quidni
277 3191 355 3256 alibi
378 3209 449 3256 eam
472 3191 614 3256 invenire
631 3191 754 3257 Gellius
777 3193 904 3274 potuit?
927 3229 970 3238 -
994 3191 1056 3256 nisi
1079 3191 1149 3273 ipse
1173 3189 1296 3256 Gellius

86 3306 190 3380 aperte
212 3300 360 3366 dixisset:
385 3297 682 3364 lacedaemonium
699 3297 868 3364 Cla'lonem
891 3297 1007 3364 aarum
1029 3319 1073 3364 ex
1095 3295 1138 3362 a'll
1178 3294 1297 3383 acolyto

86 3425 216 3472 11000010
243 3404 432 3493 septantam
458 3403 619 3491 sareptam
653 3411 702 3471 est
733 3405 772 3471 in
805 3403 902 3472 libras
934 3427 1050 3472 eoram
1083 3402 1157 3491 qui
1186 3403 1298 3468 ve'tar

88 3531 214 3600 resque
230 3519 370 3598 gestas
391 3513 594 3578 clarorum
617 3511 824 3578 hominum
852 3509 1067 3576 memoriae
1088 3511 1297 3575 mandave-

89 3624 183 3684 rant
207 3625 267 3684 010.
318 3619 387 3684 Iam
422 3637 572 3702 compara
606 3638 688 3701 quac
723 3619 763 3685 de
791 3619 950 3684 Favorino
985 3617 1048 3684 alio
1082 3617 1152 3683 loco
1187 3615 1299 3700 [supra

89 3741 115 3802 p.
138 3725 192 3810 78]
231 3727 363 3808 scripsit
403 3723 488 3812 ‘que'
521 3727 566 3791 de
604 3723 886 3812 Xenophontis
916 3721 1181 3809 Platonisque
1213 3721 1298 3788 ae'ta

89 3835 120 3892 a
150 3831 330 3898 moribus
361 3833 558 3920 pleraque
595 3831 729 3898 omnia
765 3829 1092 3920 exquisitissime
1128 3828 1298 3916 scripse-

91 3945 201 4006 rant’.

91 4043 294 4058 ⁸·——-—

153 4079 204 4150 ¹¹²)
222 4079 307 4135 Velut
324 4078 350 4133 V
368 4082 385 4136 3
412 4079 493 4148 [conl.
511 4079 604 4136 Laert.
622 4079 662 4134 lX
680 4083 715 4136 ot
733 4084 762 4134 01
779 4079 879 4148 Apulei
902 4077 962 4134 flor.
981 4092 1004 4131 c.
1022 4076 1128 4148 XVlll]
1150 4078 1184 4132 de
1202 4077 1299 4132 Prota·

93 4177 149 4230 zora
166 4175 195 4224 ct
213 4168 343 4238 Euathlo,
360 4169 426 4224 xlx
448 4171 487 4237 ll,
509 4172 521 4224 1
541 4168 664 4224 Platonis
682 4168 854 4238 epigramma
