3016 4858
1242 215 1305 280 159

69 381 254 462 pammetri
276 379 376 448 luisse
398 378 570 468 poetam).
611 401 706 466 quam
728 386 879 467 quoniam
903 392 979 454 ante
1001 388 1180 456 Historiam
1203 392 1307 475 philo-

71 485 217 568 sopham
247 489 390 556 condidit
427 489 605 556 certissime
633 491 806 574 conligitur
833 511 887 560 res
915 512 992 562 sane
1015 496 1132 578 graus.
1187 499 1307 566 dudum

71 593 285 662 intellectum
301 600 363 678 eat,
387 596 555 680 epitaphia
569 596 833 680 philosophorum
849 603 975 666 tantum
998 621 1062 669 non
1086 605 1193 672 omnia
1216 609 1307 690 sequi

69 701 254 785 Hermippi
275 701 416 786 fabulas,
446 704 486 772 de
514 704 630 787 quibus
658 704 839 788 elegantem
867 712 901 773 et
922 709 992 776 veri
1015 710 1209 778 simillimam
1232 733 1306 782 con·

69 809 239 874 iecturam
267 807 345 876 lecit
371 809 532 878 Diclesius
554 830 585 895 p.
614 812 687 878 151.
736 813 853 880 mirum
880 813 940 882 boc
967 817 1137 902 Hermippi
1165 821 1306 888 studium

71 921 178 997 essct,
210 916 239 982 si
261 917 400 1000 Diogeni
428 935 499 984 cum
527 919 762 1001 epigrammata
785 921 938 988 conderet
959 929 1011 990 tot
1032 931 1153 994 mortes
1176 932 1306 1010 temqrm

69 1024 193 1090 umiae
228 1025 449 1108 suppetissent
482 1030 562 1108 quot
595 1027 629 1094 in
658 1027 734 1094 ritis
770 1030 944 1096 secuudum
978 1031 1123 1100 diversos
1157 1039 1306 1100 auctores

70 1131 193 1196 tradit
242 1136 355 1198 contra
377 1132 484 1198 omnia
506 1131 614 1214 plana,
639 1133 667 1200 si
690 1138 766 1200 ante
789 1135 891 1220 Vitas,
922 1140 1098 1222 sicutipse
1126 1141 1213 1222 dicit,
1238 1143 1306 1224 epi-

71 1243 265 1321 grammata
286 1237 372 1321 lecit,
396 1257 474 1306 usus
496 1239 647 1306 nimirum
669 1259 733 1307 unc
762 1259 800 1308 ac
822 1241 966 1326 prolecto
988 1247 1069 1312 satis
1084 1246 1183 1314 ubere
1206 1247 1304 1331 lonte,

69 1345 271 1428 Hermippo,
300 1347 366 1432 (cui
393 1365 497 1430 pauca
525 1365 608 1430 quae
635 1348 792 1416 accedunt
820 1369 903 1418 nunc
930 1371 994 1420 uon
1023 1355 1165 1436 expeto).
1216 1357 1306 1440 atqui

70 1452 177 1520 modo
194 1451 275 1520 baec
294 1453 519 1536 concedantur,
544 1459 793 1524 consentaneum
806 1463 869 1540 est,
885 1458 1064 1543 Hermippi,
1088 1462 1194 1528 sinon
1210 1464 1304 1546 vitas,

71 1567 111 1628 at
138 1565 230 1628 certe
245 1567 366 1629 mortes
380 1561 645 1646 pbilosophomm
669 1563 709 1630 ab
725 1563 796 1646 ipso
813 1565 957 1648 Diogene
972 1567 1075 1633 lectas
1091 1584 1170 1634 esse.
1211 1587 1304 1636 nemo

70 1669 145 1735 ianr
168 1672 280 1750 potest
302 1667 451 1751 infitiari,
481 1668 554 1736 fieri
576 1688 672 1753 posse
696 1669 786 1754 (quin
809 1672 976 1754 probabile
999 1673 1094 1758 esse),
1119 1679 1157 1740 ut
1178 1674 1229 1741 bis
1252 1694 1305 1742 ex·

71 1777 205 1860 carptis
227 1795 305 1844 usus
328 1777 372 1844 sit
393 1777 556 1861 Diogenes
579 1779 677 1844 etiam
701 1779 734 1846 in
757 1778 895 1846 historia
917 1798 984 1847 sna
1029 1785 1141 1847 contra
1164 1782 1305 1848 certissi-

71 1902 167 1952 mum
192 1887 245 1950 cst
267 1903 340 1951 eum
362 1885 533 1968 Hermippi
555 1885 717 1968 permulta
739 1905 804 1954 una
827 1906 898 1954 cnm
921 1889 992 1970 ipso
1015 1888 1155 1954 vitarum
1171 1907 1304 1971 corpore

71 1993 117 2059 ab
144 1991 221 2058 aliis
245 1993 417 2076 accepisse.
438 2011 497 2072 ¹cn
520 1993 785 2077 exemplumque
808 1995 1044 2078 comprobetur,
1068 1996 1155 2078 quod
1174 1997 1304 2064 memini

71 2118 185 2183 nuper
217 2099 257 2164 de
291 2099 425 2168 ultimae
460 2100 578 2167 aetatis
612 2100 876 2183 compilatoribus
908 2102 1027 2170 dixisse
1061 2103 1302 2187 Mommsenum,

71 2211 210 2292 (revera
237 2208 339 2274 multo
366 2207 466 2274 latius
493 2211 599 2292 patet;
635 2226 762 2290 possem
792 2209 825 2274 in
854 2209 925 2292 ipso
948 2209 1091 2276 Diodoro
1122 2211 1303 2293 ostendere,

71 2320 180 2398 atque
205 2332 232 2379 e.
257 2333 304 2396 gr.
329 2313 479 2396 Ephorus
501 2314 535 2380 iu
559 2314 749 2382 Strabonem
773 2321 807 2382 et
831 2335 869 2382 ex
896 2317 998 2399 ipsius
1025 2317 1164 2384 lectione
1190 2323 1224 2384 et
1245 2337 1304 2401 per

72 2421 313 2505 Apollodorum
344 2426 378 2488 et
407 2441 466 2506 per
489 2423 690 2488 Demetrium
712 2423 890 2510 pervenit),
920 2424 1108 2507 saepissime
1131 2426 1227 2492 simul
1251 2445 1303 2492 ex·

34 2525 39 2535 '
72 2529 170 2612 carpi
194 2533 228 2594 et
250 2529 442 2611 scriptorem
457 2529 562 2612 ipsum
578 2533 612 2595 et
635 2529 778 2596 eiusdem
795 2529 1030 2614 compilatores,
1055 2532 1103 2598 ite
1121 2538 1159 2599 nt
1173 2533 1304 2598 minime

71 2639 238 2720 sequatur
259 2635 378 2703 librum
400 2637 539 2720 aliquem
567 2655 631 2704 non
654 2636 772 2704 lectum
796 2655 867 2704 esse
891 2638 1017 2706 omnino
1041 2657 1061 2705 a
1084 2641 1303 2724 compilatore,

71 2747 103 2812 si
133 2743 238 2810 semel
267 2743 522 2812 demonstratum
552 2750 603 2811 est
629 2763 689 2828 per
715 2745 854 2812 alienam
881 2765 1010 2812 manum
1033 2747 1075 2812 ad
1098 2766 1170 2814 eum
1193 2767 1305 2832 perve-

69 2853 177 2920 nisse.
217 2856 355 2934 augetnr
377 2853 424 2920 sic
439 2852 576 2920 fontium
597 2852 852 2936 indagandomm
874 2851 1064 2920 difficultas:
1089 2855 1147 2921 sed
1170 2853 1305 2922 difficul-

70 2965 167 3028 tates
190 2958 393 3040 superandae
417 2964 501 3041 auut,
525 2980 590 3028 non
605 2961 722 3044 ignava
736 2958 894 3028 facilitate
910 2961 1096 3028 cludendae.
1136 2961 1177 3028 ab
1200 2963 1305 3029 altera

70 3085 157 3136 vero
180 3070 275 3148 parte
297 3084 469 3149 perperam
491 3074 528 3135 ut
551 3069 731 3136 excitentur
754 3065 972 3152 difficultates,
998 3069 1178 3136 usuvenit.
1214 3088 1304 3136 nnm-

72 3193 177 3260 quam
200 3173 234 3239 in
258 3191 296 3240 eo
320 3173 526 3259 haerendum,
555 3177 584 3242 si
612 3175 802 3258 compilator
831 3180 995 3242 auctorem
1018 3193 1080 3259 quo
1105 3176 1204 3242 semel
1226 3195 1304 3244 usus

73 3289 129 3350 est
158 3301 224 3348 non
255 3280 405 3348 adhibuit
432 3283 527 3349 alteri
560 3283 743 3367 quaestioni
769 3281 951 3362 solvendae,
980 3281 1113 3347 'etiamsi
1140 3282 1304 3348 commode

72 3394 219 3474 poterat.
266 3389 315 3454 ita
336 3389 604 3458 PHLEGONHS
627 3389 658 3474 (I
675 3388 751 3474 111)
775 3394 809 3455 et
822 3387 1018 3454 EPICTETI
1040 3388 1085 3474 (X
1102 3389 1136 3470 6)
1159 3389 1304 3472 quamvis

73 3496 247 3564 solitariae
270 3497 445 3563 memoriae
468 3503 600 3565 nonest
623 3515 679 3563 cur
703 3496 882 3578 aDiogene
906 3495 947 3561 ad
969 3493 1091 3562 iontem
1107 3495 1175 3562 eius
1198 3500 1304 3562 trans·

74 3605 235 3685 ferantur,
271 3603 358 3686 quod
390 3604 494 3672 uoluit
528 3603 738 3672 Behuscbius.
785 3607 874 3670 certe
908 3601 948 3668 de
983 3602 1124 3668 auctoris
1158 3603 1304 3686 primarii

75 3718 189 3780 aetate
219 3710 295 3776 hinc
322 3710 403 3776 nibil
430 3715 541 3794 potest
568 3709 724 3778 concludi.
775 3708 891 3777 deiude
920 3727 984 3776 non
1011 3705 1142 3792 possum
1170 3709 1303 3776 laudare
1394 3771 1401 3786 ,

150 3889 174 3959 ²)
193 3888 271 3958 Ergo
283 3903 338 3942 non
351 3886 452 3943 iniuria
465 3885 547 3942 credo
560 3901 603 3943 me
617 3902 701 3956 supra
713 3886 742 3941 iu
756 3884 893 3941 laudando
906 3884 1039 3956 Diogenis
1051 3883 1170 3940 caudore
1180 3885 1303 3941 omisisse

78 3977 216 4050 epitaphii
234 3975 371 4031 Platonici
389 3976 501 4046 lurtum,
519 3975 554 4031 da
574 3991 628 4045 quo
646 3983 686 4045 tu,
704 3981 801 4045 utpote
821 3973 950 4044 injpoeta
968 3973 1069 4030 saeculi
1088 3973 1165 4028 tertii
1183 3990 1209 4044 p.
1229 3973 1302 4044 Obr,

76 4067 209 4125 acerbius
226 4063 356 4121 indicasti
374 4081 538 4136 quamquam
556 4081 621 4122 rara
644 4081 671 4136 p.
690 4067 733 4121 te.
775 4077 839 4120 uam
857 4061 906 4119 tali
925 4069 1015 4120 aetate
1036 4062 1128 4133 poesis
1151 4078 1184 4118 co
1205 4063 1304 4120 melior

76 4173 133 4227 quo
151 4153 270 4228 propius
287 4167 304 4209 a
321 4161 436 4212 centone
453 4155 542 4212 abest.
