3016 4858
234 211 297 274 162

233 387 387 470 Diogenis
414 391 506 452 textu
535 393 729 471 conquestus
752 405 837 469 sum,
873 387 966 453 facile
993 387 1133 468 metiris)
1162 388 1339 470 Diogenem
1371 385 1453 472 quod

225 491 381 579 prbrum
405 492 444 559 in
467 515 590 560 manus
609 492 776 560 claruerat
787 495 943 560 volumen
962 515 1030 560 non
1052 493 1259 580 recognitam
1279 490 1452 558 tradidr'ssc

231 599 396 674 labrarie's,
421 598 485 688 qui
501 598 626 675 amnuo,
652 599 786 686 integra
809 606 976 688 corrupta,
997 599 1154 686 genuina
1168 599 1300 687 sparto,
1329 605 1450 666 textum

230 705 353 774 scholula
376 705 623 794 descripserunt
642 727 747 794 aequa
758 706 846 792 fide,
872 726 1004 790 prorsus
1029 707 1233 790 incredibile,
1265 707 1326 774 hoc
1349 709 1452 791 singu·

231 815 300 882 lare
327 815 460 898 Epicuri
488 815 629 881 studium
660 833 724 881 non
752 814 816 898 ipsi
842 815 980 897 Diogeni
994 815 1150 882 infuisse.
1202 833 1240 882 ec
1267 821 1304 880 tu
1333 833 1453 898 quoquc

232 923 403 1006 gaudebis,
444 941 518 988 nam
553 923 746 1005 Epicureum
785 923 916 989 uoluisti
955 923 1133 1006 Diogenem
1173 922 1287 1004 irrisae,
1328 942 1392 1006 qua
1424 923 1452 986 in
1497 957 1498 984 r

232 1031 394 1096 sententia
421 1029 628 1097 vehementer
656 1031 717 1096 tibi
751 1030 941 1113 adstipulor.
996 1031 1106 1114 itaque
1137 1030 1268 1096 tandem
1296 1030 1453 1113 Diogenes

231 1157 296 1204 non
318 1141 444 1203 tantum
469 1138 572 1204 instar
595 1138 671 1205 libri
693 1143 758 1220 cst,
784 1139 834 1206 cui
857 1139 959 1204 multe
981 1139 1066 1205 bona
1089 1140 1192 1204 multa
1214 1140 1326 1222 inepta
1349 1139 1452 1216 insint,

232 1247 362 1312 tandem
385 1265 449 1312 non
478 1247 582 1312 solam
605 1251 662 1312 eut
685 1246 862 1313 sollertiam
891 1251 948 1311 aut
976 1247 1134 1312 mantiam
1157 1247 1341 1330 conpilandi
1363 1247 1397 1312 in
1420 1264 1453 1310 ec

233 1354 531 1435 animadvertimus,
567 1354 624 1420 scd
657 1353 751 1420 homo
781 1359 846 1436 est,
877 1372 973 1437 quem
1002 1354 1142 1420 sensisse
1170 1354 1311 1420 voluisse
1345 1353 1454 1420 iecisse

233 1461 355 1545 aliquid
370 1460 597 1544 intellegimus.
627 1461 738 1527 videor
753 1461 817 1527 iam
833 1459 912 1526 mihi
927 1460 1127 1544 intellegere,
1145 1479 1201 1526 cur
1215 1480 1298 1527 unus
1313 1461 1455 1526 Dioclem

234 1588 251 1634 e
274 1568 417 1634 tenebris
437 1568 644 1650 protraxerit,
669 1587 725 1634 cur
749 1568 928 1634 delectatus
952 1587 990 1635 eo
1013 1567 1126 1650 fuerit3
1151 1569 1250 1634 etiam
1275 1588 1331 1634 cur
1347 1587 1388 1634 ex
1410 1569 1455 1634 sui

234 1676 355 1742 saeculi
377 1675 578 1758 philosophis
602 1675 760 1758 scepticos
784 1676 912 1758 quidem
935 1676 1116 1758 respexerit
1138 1676 1195 1742 sed
1219 1676 1260 1741 ab
1284 1677 1371 1742 omni
1388 1677 1456 1742 Pla·

233 1785 361 1851 tonicae
383 1783 512 1850 scholae
535 1783 640 1865 qualis
660 1789 728 1848 tum
751 1782 813 1849 luit
836 1784 1067 1866 superstitione
1090 1783 1173 1849 liber
1197 1784 1249 1866 sit,
1274 1785 1338 1850 iarn
1354 1785 1456 1849 minus

234 1897 284 1959 est
307 1891 486 1958 obscurum.
531 1909 606 1955 nam
626 1891 712 1974 quod
732 1891 837 1973 ipsum
852 1891 1020 1957 Platonem
1036 1910 1056 1956 a
1070 1891 1205 1956 muliere
1221 1909 1260 1956 ea
1276 1892 1327 1956 cui
1342 1891 1456 1958 librum

234 1999 396 2066 dedicavit
423 2000 552 2084 (nomen
587 1999 771 2080 ignoramus
799 1999 883 2064 sicut
906 1997 970 2064 alia
997 2004 1173 2082 propterea
1207 2000 1293 2082 quod
1321 1999 1456 2082 epistula

235 2107 433 2174 dedicatoria
449 2106 558 2191 periit)
574 2106 645 2172 iure
669 2107 771 2172 amari
794 2105 882 2186 dicit,
906 2125 971 2172 non
994 2111 1083 2173 caret
1106 2107 1251 2172 acumine
1275 2125 1314 2174 eo
1331 2106 1456 2173 saeculo

235 2233 298 2297 quo
322 2213 398 2278 talis
419 2212 512 2278 Plato
542 2212 669 2296 qualem
693 2213 840 2295 depingit
863 2213 1025 2297 antiquior
1047 2214 1125 2295 vita,
1150 2233 1190 2279 ex
1212 2233 1276 2296 qua
1299 2215 1456 2298 Diogenes

234 2321 363 2405 pendet,
381 2339 459 2402 prae
474 2319 611 2402 theurgo
624 2319 911 2403 Pythagorissante
924 2320 986 2386 coli
1002 2320 1122 2386 dudum
1134 2321 1285 2388 desierat
1322 2321 1456 2406 denique

233 2427 352 2494 nobilis
375 2427 430 2492 ille
453 2427 542 2493 locus
565 2427 621 2509 qui
645 2427 684 2492 de
707 2427 886 2510 Epicureae
915 2427 1043 2494 scholae
1071 2429 1250 2513 propagine
1274 2435 1326 2497 cst
1346 2447 1456 2497 novam

236 2534 353 2617 accipit
365 2533 478 2600 lucem.
513 2533 693 2616 Hesychius
708 2553 748 2600 ex
763 2553 820 2600 suo
837 2539 969 2601 auctore
985 2535 1156 2619 descripsit
1171 2537 1304 2621 Epicuri
1320 2537 1456 2604 scholam

237 2641 376 2708 Caesare
391 2642 571 2724 imperante
587 2640 732 2707 desiisse.
772 2647 902 2724 poterat
917 2643 978 2710 hoc
994 2644 1134 2710 scribere
1150 2646 1290 2728 Augusti
1306 2645 1456 2729 aequalis,

235 2753 407 2832 postquam
429 2747 543 2813 hortus
560 2747 691 2830 Epicuri
706 2747 739 2813 in
761 2747 883 2814 alienas
899 2768 1012 2816 manus
1029 2752 1153 2833 cecidit,
1178 2772 1372 2837 quamquam
1396 2752 1457 2817 ani·

236 2875 323 2920 mum
337 2855 505 2937 Epicureis
516 2873 580 2920 non
592 2853 752 2920 laventem
767 2856 819 2921 vel
830 2855 891 2923 hoc
907 2858 1023 2940 prodit.
1060 2858 1196 2925 eundem
1209 2867 1374 2928 auctorem
1388 2861 1457 2926 Dic

237 2963 311 3046 geni
323 2967 453 3044 praesto
466 2959 565 3028 irrisae
578 2961 672 3027 facile
687 2963 803 3044 elucet,
821 2963 877 3029 sed
893 2971 968 3048 post
983 2965 1081 3032 exilia
1091 2966 1303 3050 biographica
1318 2969 1457 3053 sequitur
1497 2993 1498 3000 υ

237 3069 435 3153 amplissime
450 3068 581 3151 Epicuri
598 3070 769 3151 accusatio,
791 3089 809 3136 e
826 3071 967 3153 Sotione,
990 3073 1130 3141 Senecae
1146 3075 1303 3157 magistro
1320 3079 1458 3164 (praeter

237 3177 420 3260 Epictetum
444 3193 463 3241 a
485 3175 630 3258 Diogene
654 3175 827 3260 additum),
859 3184 999 3260 sumpta;
1030 3181 1081 3246 cui
1104 3182 1189 3247 inter
1212 3189 1340 3252 ceteros
1363 3191 1457 3251 testes

238 3283 335 3348 etiam
352 3282 554 3347 Timocrates
569 3282 627 3347 illa
642 3281 814 3348 iniuerunt.
852 3285 947 3351 credo
964 3305 1024 3369 ego
1040 3287 1120 3354 haec
1136 3309 1273 3373 quoque,
1291 3311 1309 3358 e
1324 3291 1458 3359 Sotionis

237 3391 319 3457 libro
337 3395 449 3456 contra
460 3389 604 3456 Dioclem
620 3391 750 3472 scripto,
775 3391 903 3474 abipso
920 3395 1039 3477 apponi
1055 3395 1196 3476 Laertio,
1222 3398 1279 3464 sed
1296 3399 1379 3466 hanc
1394 3417 1458 3464 scu·

238 3498 374 3564 tentiam
389 3496 509 3562 nemini
525 3515 655 3579 possum
672 3497 858 3564 obtrudere:
883 3499 958 3566 inde
973 3521 994 3566 a
1009 3503 1028 3585 ξ
1041 3505 1060 3568 9
1077 3503 1147 3586 ipse
1159 3504 1286 3570 orditur
1297 3507 1459 3572 vehemen-

201 3656 203 3660 .
238 3604 395 3670 tissimum
418 3601 646 3686 defensionem,
671 3624 766 3687 quam
781 3605 911 3672 Diocles
928 3613 961 3674 et
977 3610 1162 3676 Athenaeus
1178 3613 1355 3696 excipiunt;
1381 3615 1461 3679 inest

239 3717 369 3795 praeter
409 3711 633 3794 Myronienum
672 3712 736 3778 iarn
780 3731 878 3796 supra
922 3715 1120 3782 nominatum
1161 3724 1194 3784 ct
1234 3719 1460 3803 Apollodorum

239 3815 481 3906 concrepaverunt
492 3816 566 3884 hoc:
583 3815 604 3902 ἢ
619 3842 652 3883 τε
664 3819 799 3904 διαδοχὴ
812 3823 926 3888 πασῶν
938 3823 1054 3904 σχεδὸν
1065 3823 1268 3892 ἐκλιπουσῶν
1279 3827 1345 3892 τῶν
1355 3828 1462 3891 ἄλλων

239 3923 328 3988 ἐσαεὶ
351 3925 550 4008 διαμένουσα
572 3927 628 3989 καὶ
652 3931 828 4012 νηρίθμους
851 3924 955 4012 ἀρχὰς
977 3927 1155 3998 dealbanda
1181 3933 1285 4020 ἄλλην
1308 3933 1346 4015 ἐξ
1367 3935 1462 4018 ἄλλος

239 4033 305 4096 τῶν
332 4035 508 4117 γνωρίμων.
559 4031 716 4098 nuhcmne
740 4035 917 4116 amplector
945 4038 1000 4119 qui
1027 4039 1060 4104 in
1087 4037 1138 4105 his
1166 4040 1285 4106 iratum
1314 4041 1462 4124 Diogenis

241 4138 382 4204 animum
412 4138 524 4204 audire
552 4139 630 4205 mihi
653 4141 777 4223 videar,
809 4161 879 4208 cum
909 4143 942 4208 in
970 4143 1059 4212 iontc
1086 4165 1144 4212 suo
1172 4147 1290 4229 legerit
1318 4149 1462 4215 interisse
