3034 4862
612 243 631 272 κ
659 231 768 272 mon.
1238 215 1301 278 119

72 383 313 468 σμικρολογίας
350 381 562 467 προσχήματι
601 385 804 468 ολκονυμίας.
864 387 895 448 ελ
927 386 967 450 δέ
998 409 1074 451 τινα
1107 387 1301 467 ἐπικόπτοι,

71 486 361 568 περιεσταλμένως
383 485 439 549 καὶ
461 483 501 550 οὐ
522 480 629 572 χάδην
656 483 740 552 άλλά
761 485 956 572 πόρρωθεν·
982 489 1064 572 λέγω
1087 490 1125 554 δέ
1148 490 1221 558 οίον
1243 491 1302 556 έπί

70 590 133 653 τοῦ
156 587 448 672 καλλωπιζομένου
471 589 553 654 ποτέ
575 587 649 674 ἔφη.
695 593 761 668 (17)
784 586 914 670 ὀχέτιον
935 589 998 676 γάρ
1020 617 1052 656 τι
1076 591 1220 678 ὀκνηρῶς
1241 592 1303 660 αά-

70 695 133 756 τοῦ
156 683 417 775 ὑπερβαίνοντος
450 691 632 768 “όικαίως,
656 694 768 770 εἶπεν,
799 689 910 778 όφαρᾷ
936 694 994 760 τόν
1023 693 1143 780 πηλόν·
1173 694 1212 761 οὐ
1240 696 1303 782 γάρ

70 795 167 860 ἐστιν
199 793 235 860 bv
262 791 351 880 αὐτῷ
379 797 701 878 κατοπτρίσασθαι.”
756 792 800 870 ιός
829 795 867 860 δέ
896 795 1029 873 κυνικός
1059 823 1110 874 τις
1132 797 1172 864 οό
1193 799 1303 885 φήσας

71 899 189 964 ἔλαιον
210 897 297 980 ἔχειν
326 898 363 964 έν
389 901 429 988 τῇ
450 895 586 984 ληκόθφ
613 896 822 988 προσῄτησεν
851 895 963 977 αὐτόν,
992 896 1051 965 οὐκ
1077 901 1141 988 ἔφη
1163 902 1301 992 δώσειν·

70 997 274 1066 ἀπελθόντα
295 1005 408 1084 μέντοι
432 1001 581 1066 ἐκέλευσε
602 1004 800 1086 σκέψασθαι
816 995 977 1085 ὁπότερος
992 1008 1044 1090 εἴη
1060 1002 1301 1090 ἀναιδέστερος.

160 1103 323 1186 ἐρωτικῶς
344 1104 382 1170 δέ
404 1105 612 1188 διακείμενος
628 1104 857 1188 Χρεμωνίδου,
879 1103 1182 1190 παρακαθιζόντων
1200 1108 1302 1176 αὐτοῦ

69 1205 188 1270 τεκαὶ
215 1205 418 1286 Κλεάνθους,
442 1205 575 1292 ἀνέστη·
602 1205 833 1291 θαυμάζοντος
861 1205 899 1272 δὲ
921 1211 981 1274 τοῦ
1006 1203 1201 1288 Κλεάνθους
1224 1211 1300 1297 ἔφη,

71 1310 156 1374 “καλ
178 1311 244 1375 τόν
267 1311 387 1394 λατρόν
408 1308 517 1376 ἀκούω
542 1312 608 1376 τῶν
629 1307 782 1390 ἀγαθάν,
813 1309 987 1396 κράτιστον
1016 1315 1104 1376 είναι
1126 1313 1302 1399 φάρμακον

70 1411 160 1498 πρός
182 1411 224 1476 τά
246 1408 490 1498 φλεγμαίνοντα
510 1410 678 1500 ἡσυχίαν.”

159 1513 256 1580 δυυίν
277 1515 309 1580 δ’
330 1512 603 1601 ὑπανακειμένων
625 1517 661 1583 έν
683 1511 776 1602 πότῳ
800 1517 855 1582 καὶ
878 1522 939 1583 τοῦ
960 1516 1020 1582 ὑπ’
1043 1515 1143 1583 αὐτόν
1163 1519 1221 1584 τόν
1242 1516 1300 1602 ἀφ’

71 1617 192 1683 ἑαυτὸν
214 1617 464 1702 σκιμαλίζοντος
486 1623 532 1706 τῷ
546 1621 642 1698 ποδί,
666 1618 764 1695 αὐτὸς
786 1620 913 1686 ἐκείνου
926 1622 972 1706 τῷ
987 1619 1118 1699 γόνατι·
1140 1620 1299 1706 έπιστρα-

70 1725 193 1805 φέντος
209 1721 259 1798 δέ,
283 1725 340 1785 *ίτί
356 1717 427 1800 οὖν,
451 1723 527 1809 ἔφη,
551 1727 616 1790 οἴει
631 1719 690 1789 τόν
703 1720 861 1790 ὑποκάτω
878 1741 939 1788 σου
955 1721 1098 1804 πάσχειν
1116 1719 1183 1788 όπό
1199 1727 1260 1788 σοῦ
1265 1725 1299 1802 ;”

159 1824 227 1904 (18)
250 1825 333 1908 πρός
355 1825 392 1890 δέ
414 1825 472 1891 τόν
494 1825 686 1910 φιλόπαιδα
709 1825 783 1892 οὔτε
804 1826 879 1902 τοὺς
894 1825 1117 1901 διδασκάλους
1139 1827 1202 1912 ἔφη
1217 1829 1299 1911 φρέ-

71 1947 131 2000 νας
154 1925 253 2006 ἔχειν,
276 1923 329 1992 ἀεὶ
351 1927 584 2013 διατρίβοντας
606 1929 642 1994 έν
664 1929 860 2014 παιδαρίοις
882 1927 950 1994 οὔτ’
973 1929 1125 2004 ἐκείνους.

159 2027 283 2112 ἔφασκε
298 2029 336 2093 δέ
350 2031 426 2106 τούς
445 2032 506 2115 μὲν
524 2034 588 2097 ταῖν
610 2031 795 2098 ἀσολοίκων
816 2032 933 2112 λόγους
955 2033 1011 2096 καὶ
1034 2029 1299 2116 ἀπηρτισμένους

69 2128 213 2214 ὁμοίους
245 2135 332 2197 εἶναι
360 2137 406 2219 τῷ
434 2131 578 2221 ἀργυρίῳ
605 2138 651 2221 τῷ
673 2135 933 2222 Ἀλεξανδρηνῷ·
968 2130 1205 2221 εόοφθάλμους
1238 2135 1299 2219 μέν

68 2237 125 2296 καὶ
149 2240 472 2321 περιγεγραμμένους
494 2238 589 2302 καθά
609 2238 665 2302 καί
687 2239 725 2304 τό
748 2239 910 2324 νόμισμα,
938 2235 1034 2302 οὐδὲν
1056 2237 1093 2302 δὲ
1115 2237 1175 2302 διὰ
1195 2241 1299 2304 ταῦτα

69 2336 233 2416 βελτίους.
287 2337 361 2414 τούς
394 2339 432 2404 δέ
463 2338 656 2406 τούναντίον
689 2339 866 2428 ἀφωμοίου
892 2353 962 2416 τοῖς
989 2338 1150 2416 Ἀττικοίς
1183 2365 1298 2426 τετρα-

69 2439 251 2522 δράχμοις,
280 2442 351 2526 εἰκῆ
378 2442 439 2526 μὲν
461 2447 672 2527 κεκομμένοις
699 2445 757 2508 καὶ
779 2443 941 2519 σολοίκως
945 2493 957 2522 ,
985 2441 1162 2510 καθέλκειν
1184 2449 1297 2529 μέντοι

68 2540 235 2617 πολλάκις
256 2542 314 2618 τός
336 2543 682 2630 κεκαλλιγραφημένας
709 2547 854 2632 [λέξεις].

150 2643 348 2730 Ἀρίστωνος
370 2646 408 2710 δὲ
429 2651 488 2712 τοῦ
510 2651 666 2734 μαθητοῦ
688 2649 800 2714 πολλὰ
816 2649 1053 2734 διαλεγομένου
1076 2647 1135 2714 οὐκ
1158 2647 1297 2734 εὐφυῶς,

68 2749 143 2814 ἔνια
167 2749 205 2814 δέ
227 2751 282 2812 καὶ
305 2754 482 2834 προπετῶς
503 2751 559 2814 καὶ
581 2753 748 2836 θρασέως,
772 2749 973 2830 “ἀδόνατον,
998 2754 1120 2831 εἰπεῖν,
1144 2755 1175 2818 εί
1189 2746 1235 2838 μη’
1260 2771 1298 2818 σε

69 2849 225 2937 ὄπατηρ
246 2851 384 2936 μεθύων
411 2853 620 2939 έγέννησεν·”
653 2853 738 2920 ὅθεν
766 2853 867 2920 αὐτόν
899 2855 954 2920 καὶ
988 2853 1089 2921 λάλον
1122 2852 1295 2934 ἀπεκάλει,

66 2953 273 3040 βραχυλόγος
296 2953 350 3021 ὤν.

130 3060 202 3140 (19)
224 3058 308 3144 πρός
336 3059 374 3124 δὲ
399 3059 456 3124 τὸν
478 3057 659 3145 ὀψοφάγον
774 3063 946 3124 Αττιυιετιε
961 3063 1023 3124 vlu
1039 3061 1120 3124 345⁶
1145 3059 1295 3144 Ζήνωνό

66 3162 175 3246 μηδὲν
196 3171 266 3236 ταίς
292 3166 497 3246 συμβιωταίς
520 3160 656 3226 καταλι-
715 3160 849 3238 Κιτιεός
882 3161 900 3228 ό
939 3165 995 3248 τῆς
1028 3163 1128 3237 στοᾶς
1163 3167 1295 3247 κτίστης

67 3264 195 3340 πάντα,
220 3269 466 3350 παρατεθέντος
493 3266 575 3330 ποτὲ
596 3291 655 3350 με-
710 3266 794 3348 πρὸς
823 3265 880 3330 τόν
911 3263 1090 3350 ὀψοφάγον
1119 3258 1145 3348 ᾦ
1179 3263 1293 3349 συνέζη

65 3367 171 3445 γόλου
210 3363 348 3446 λχθόος,
391 3366 472 3452 ἄρας
509 3367 579 3444 ολος
616 3358 656 3454 ἦν
709 3367 767 3432 έπὶ
784 3367 922 3432 πλείονα
936 3365 1066 3449 χρόνον,
1083 3364 1177 3430 καθά
1191 3386 1294 3450 φησιν

65 3473 276 3534 κατεσθίειν·
299 3469 528 3558 ἐμβλέψαντος
543 3471 581 3535 δέ
596 3475 654 3535 “τί
704 3468 927 3551 ’Λντίγονος
956 3469 975 3534 ὁ
1006 3469 1229 3554 Καρύστιος
1258 3469 1294 3534 έν

66 3610 109 3664 ein
132 3608 312 3666 boeotisches
330 3609 448 3664 verulein
466 3607 577 3679 (Kaibel
594 3611 686 3680 1130),
709 3609 759 3664 wie
783 3627 812 3666 es
834 3609 949 3677 scheint,
973 3607 1067 3663 bisher
1089 3605 1170 3662 allein
1192 3605 1292 3676 belegt,

65 3700 135 3754 deun
156 3713 235 3754 wenn
253 3715 316 3754 man
339 3697 390 3751 mit
407 3698 603 3768 Dittenberger
625 3699 689 3754 dort
711 3700 786 3754 lesen
804 3698 894 3754 wollte
913 3692 1130 3752 δίδωτι-κότυλον
1149 3693 1185 3756 ὡς
1202 3692 1293 3767 γάδον

65 3795 109 3861 τίη
128 3805 161 3844 so
181 3787 218 3842 iat
236 3787 287 3842 der
305 3787 366 3842 sinn
383 3786 436 3842 mir
454 3785 690 3856 unverstandlich3
710 3787 806 3844 elision
826 3805 878 3843 von
896 3792 931 3841 εᾱ
951 3785 1116 3855 unmoglich,
1134 3784 1224 3840 Ιιταείε
1242 3785 1290 3840 be·

64 3875 219 3934 fremdlich.

155 3969 190 4022 18
218 3963 346 4036 φιλόπαις
372 3980 446 4021 muas
475 3964 537 4020 hier
564 3963 746 4020 ‘kinderlieb'
774 3964 949 4020 bezeichnen.
1000 3964 1051 4018 dor
1078 3961 1213 4018 τετῐοεεοε
1240 3961 1290 4018 der

65 4055 218 4126 kynischen
233 4057 355 4110 Πολιτεία
367 4054 427 4110 halt
445 4054 494 4110 das
513 4053 616 4124 spielen
629 4053 679 4108 mit
691 4053 808 4108 kindern
827 4052 873 4108 fur
886 4053 1021 4108 kindisch.
1052 4052 1102 4106 der
1115 4052 1289 4110 Herakleitos

65 4145 112 4201 der
130 4145 241 4202 novelle
259 4143 350 4214 (Diog.
362 4143 403 4198 lx
415 4145 441 4215 3)
460 4142 548 4199 denkt
566 4143 672 4212 anders,
692 4143 832 4206 vielleicht
849 4143 886 4198 im
904 4148 1066 4212 gegensatze
1085 4157 1120 4196 τυ
1138 4141 1240 4198 Zenon.
